<?xml version="1.0" encoding="UTF-8"?>
<!DOCTYPE html PUBLIC "-//W3C//DTD XHTML 1.0 Transitional//EN"
    "http://www.w3.org/TR/xhtml1/DTD/xhtml1-transitional.dtd">
<html xmlns="http://www.w3.org/1999/xhtml" xml:lang="en" lang="en">
 <head>
  <title>
</title>
<meta http-equiv="Content-Type" content="text/html;charset=utf-8" />
  <meta name='ocr-system' content='tesseract 3.04.00' />
  <meta name='ocr-capabilities' content='ocr_page ocr_carea ocr_par ocr_line ocrx_word'/>
</head>
<body>
  <div class='ocr_page' id='page_1' title='image "./debellopunicore01naevgoog_0012.png"; bbox 0 0 5120 6604; ppageno 0'>
   <div class='ocr_carea' id='block_1_1' title="bbox 1028 721 1387 762">
    <p class='ocr_par' dir='ltr' id='par_1_1' title="bbox 1028 721 1387 762">
     <span class='ocr_line' id='line_1_1' title="bbox 1028 721 1387 762; baseline -0.006 -16"><span class='ocrx_word' id='word_1_1' title='bbox 1028 721 1387 762; x_wconf 51' lang='lat' dir='ltr'><em>—q--t—</em></span> 
     </span>
    </p>
   </div>
   <div class='ocr_carea' id='block_1_2' title="bbox 480 880 2099 1306">
    <p class='ocr_par' dir='ltr' id='par_1_2' title="bbox 480 880 2099 1306">
     <span class='ocr_line' id='line_1_2' title="bbox 481 880 2099 970; baseline 0 -22"><span class='ocrx_word' id='word_1_2' title='bbox 481 882 533 948; x_wconf 95' lang='lat' dir='ltr'>De</span> <span class='ocrx_word' id='word_1_3' title='bbox 555 884 668 949; x_wconf 85' lang='lat' dir='ltr'>funere</span> <span class='ocrx_word' id='word_1_4' title='bbox 690 905 734 948; x_wconf 89' lang='lat' dir='ltr'>au</span> <span class='ocrx_word' id='word_1_5' title='bbox 755 932 1054 948; x_wconf 90' lang='grc'><strong>..........</strong></span> <span class='ocrx_word' id='word_1_6' title='bbox 1079 883 1204 950; x_wconf 91' lang='lat' dir='ltr'>damus.</span> <span class='ocrx_word' id='word_1_7' title='bbox 1249 883 1338 948; x_wconf 86' lang='lat' dir='ltr'>Sciat</span> <span class='ocrx_word' id='word_1_8' title='bbox 1360 883 1486 948; x_wconf 84' lang='lat' dir='ltr'>familia</span> <span class='ocrx_word' id='word_1_9' title='bbox 1508 905 1603 970; x_wconf 88' lang='lat' dir='ltr'>quem</span> <span class='ocrx_word' id='word_1_10' title='bbox 1627 882 1802 948; x_wconf 84' lang='lat' dir='ltr'><strong>admodum</strong></span> <span class='ocrx_word' id='word_1_11' title='bbox 1826 880 1947 966; x_wconf 84' lang='lat' dir='ltr'>lugeat.</span> <span class='ocrx_word' id='word_1_12' title='bbox 1992 881 2099 948; x_wconf 78' lang='lat' dir='ltr'><strong>Aliter</strong></span> 
     </span>
     <span class='ocr_line' id='line_1_3' title="bbox 481 999 2098 1090; baseline -0.001 -22"><span class='ocrx_word' id='word_1_13' title='bbox 481 1003 609 1090; x_wconf 83' lang='lat' dir='ltr'>plangit</span> <span class='ocrx_word' id='word_1_14' title='bbox 630 1025 744 1068; x_wconf 89' lang='lat' dir='ltr'>seruus</span> <span class='ocrx_word' id='word_1_15' title='bbox 764 1003 999 1088; x_wconf 80' lang='lat' dir='ltr'>manumissus,</span> <span class='ocrx_word' id='word_1_16' title='bbox 1020 1003 1114 1067; x_wconf 91' lang='lat' dir='ltr'>aliter</span> <span class='ocrx_word' id='word_1_17' title='bbox 1135 1003 1242 1082; x_wconf 47' lang='lat' dir='ltr'>cliens,</span> <span class='ocrx_word' id='word_1_18' title='bbox 1262 1001 1493 1084; x_wconf 68' lang='lat' dir='ltr'>landemarus,</span> <span class='ocrx_word' id='word_1_19' title='bbox 1519 1001 1614 1066; x_wconf 89' lang='lat' dir='ltr'>aliter</span> <span class='ocrx_word' id='word_1_20' title='bbox 1642 1002 1766 1066; x_wconf 90' lang='lat' dir='ltr'>amicus</span> <span class='ocrx_word' id='word_1_21' title='bbox 1795 999 1883 1085; x_wconf 90' lang='lat' dir='ltr'>legat</span> <span class='ocrx_word' id='word_1_22' title='bbox 1911 1000 2098 1066; x_wconf 90' lang='lat' dir='ltr'>honoratus.</span> 
     </span>
     <span class='ocr_line' id='line_1_4' title="bbox 481 1119 2099 1210; baseline 0 -25"><span class='ocrx_word' id='word_1_23' title='bbox 481 1119 570 1202; x_wconf 79' lang='lat' dir='ltr'>Quid</span> <span class='ocrx_word' id='word_1_24' title='bbox 596 1125 738 1188; x_wconf 86' lang='lat' dir='ltr'>incertas</span> <span class='ocrx_word' id='word_1_25' title='bbox 764 1133 797 1187; x_wconf 90' lang='lat' dir='ltr'>et</span> <span class='ocrx_word' id='word_1_26' title='bbox 825 1143 1000 1210; x_wconf 87' lang='lat' dir='ltr'>suspensas</span> <span class='ocrx_word' id='word_1_27' title='bbox 1025 1123 1183 1208; x_wconf 80' lang='lat' dir='ltr'>exequias</span> <span class='ocrx_word' id='word_1_28' title='bbox 1207 1120 1303 1207; x_wconf 86' lang='lat' dir='ltr'>agis?</span> <span class='ocrx_word' id='word_1_29' title='bbox 1338 1121 1483 1186; x_wconf 90' lang='lat' dir='ltr'>omnium</span> <span class='ocrx_word' id='word_1_30' title='bbox 1518 1121 1700 1184; x_wconf 89' lang='lat' dir='ltr'>animarum</span> <span class='ocrx_word' id='word_1_31' title='bbox 1729 1121 1839 1186; x_wconf 88' lang='lat' dir='ltr'>statim</span> <span class='ocrx_word' id='word_1_32' title='bbox 1865 1129 2099 1206; x_wconf 89' lang='lat' dir='ltr'>postmortem</span> 
     </span>
     <span class='ocr_line' id='line_1_5' title="bbox 480 1239 826 1306; baseline 0 -2"><span class='ocrx_word' id='word_1_33' title='bbox 480 1239 644 1305; x_wconf 85' lang='lat' dir='ltr'>hereditas</span> <span class='ocrx_word' id='word_1_34' title='bbox 663 1249 826 1306; x_wconf 87' lang='lat' dir='ltr'>cernatur.</span> 
     </span>
    </p>
   </div>
   <div class='ocr_carea' id='block_1_3' title="bbox 315 1443 2099 1535">
    <p class='ocr_par' dir='ltr' id='par_1_3' title="bbox 315 1443 2099 1535">
     <span class='ocr_line' id='line_1_6' title="bbox 315 1443 2099 1535; baseline -0.002 -23"><span class='ocrx_word' id='word_1_35' title='bbox 315 1447 574 1535; x_wconf 86' lang='lat' dir='ltr'>Repraesentaui</span> <span class='ocrx_word' id='word_1_36' title='bbox 592 1443 693 1510; x_wconf 88' lang='lat' dir='ltr'>uerba</span> <span class='ocrx_word' id='word_1_37' title='bbox 713 1446 825 1532; x_wconf 90' lang='lat' dir='ltr'>qualia</span> <span class='ocrx_word' id='word_1_38' title='bbox 846 1467 880 1509; x_wconf 90' lang='lat' dir='ltr'>se</span> <span class='ocrx_word' id='word_1_39' title='bbox 902 1447 936 1510; x_wconf 91' lang='lat' dir='ltr'>in</span> <span class='ocrx_word' id='word_1_40' title='bbox 956 1445 1067 1510; x_wconf 86' lang='lat' dir='ltr'>codiee</span> <span class='ocrx_word' id='word_1_41' title='bbox 1091 1467 1149 1510; x_wconf 89' lang='lat' dir='ltr'>suo</span> <span class='ocrx_word' id='word_1_42' title='bbox 1170 1445 1319 1530; x_wconf 84' lang='lat' dir='ltr'>Angelus</span> <span class='ocrx_word' id='word_1_43' title='bbox 1342 1445 1450 1510; x_wconf 91' lang='lat' dir='ltr'>Maius</span> <span class='ocrx_word' id='word_1_44' title='bbox 1473 1443 1592 1530; x_wconf 87' lang='lat' dir='ltr'>legisse</span> <span class='ocrx_word' id='word_1_45' title='bbox 1614 1455 1770 1510; x_wconf 88' lang='lat' dir='ltr'>testatur:</span> <span class='ocrx_word' id='word_1_46' title='bbox 1798 1445 1832 1508; x_wconf 91' lang='lat' dir='ltr'>in</span> <span class='ocrx_word' id='word_1_47' title='bbox 1854 1445 1973 1532; x_wconf 91' lang='lat' dir='ltr'>quibus</span> <span class='ocrx_word' id='word_1_48' title='bbox 1996 1443 2099 1510; x_wconf 90' lang='lat' dir='ltr'>multa</span> 
     </span>
    </p>
   </div>
   <div class='ocr_carea' id='block_1_4' title="bbox 316 1561 2097 1654">
    <p class='ocr_par' dir='ltr' id='par_1_4' title="bbox 316 1561 2097 1654">
     <span class='ocr_line' id='line_1_7' title="bbox 316 1561 2097 1654; baseline -0.004 -23"><span class='ocrx_word' id='word_1_49' title='bbox 316 1577 393 1632; x_wconf 92' lang='lat' dir='ltr'>sunt</span> <span class='ocrx_word' id='word_1_50' title='bbox 420 1588 506 1654; x_wconf 90' lang='lat' dir='ltr'>quae</span> <span class='ocrx_word' id='word_1_51' title='bbox 534 1572 652 1652; x_wconf 82' lang='lat' dir='ltr'>egeant</span> <span class='ocrx_word' id='word_1_52' title='bbox 679 1563 917 1630; x_wconf 88' lang='lat' dir='ltr'>emendatione.</span> <span class='ocrx_word' id='word_1_53' title='bbox 969 1561 1034 1628; x_wconf 87' lang='lat' dir='ltr'>Sed</span> <span class='ocrx_word' id='word_1_54' title='bbox 1054 1585 1125 1628; x_wconf 89' lang='lat' dir='ltr'>eam</span> <span class='ocrx_word' id='word_1_55' title='bbox 1153 1585 1267 1628; x_wconf 89' lang='lat' dir='ltr'>uereor</span> <span class='ocrx_word' id='word_1_56' title='bbox 1296 1573 1333 1626; x_wconf 91' lang='lat' dir='ltr'>ut</span> <span class='ocrx_word' id='word_1_57' title='bbox 1363 1562 1462 1650; x_wconf 89' lang='lat' dir='ltr'>probe</span> <span class='ocrx_word' id='word_1_58' title='bbox 1492 1565 1663 1645; x_wconf 87' lang='lat' dir='ltr'>instituas,</span> <span class='ocrx_word' id='word_1_59' title='bbox 1696 1565 1782 1628; x_wconf 90' lang='lat' dir='ltr'>siin</span> <span class='ocrx_word' id='word_1_60' title='bbox 1808 1563 1877 1628; x_wconf 90' lang='lat' dir='ltr'>Mai</span> <span class='ocrx_word' id='word_1_61' title='bbox 1906 1565 2097 1628; x_wconf 84' lang='lat' dir='ltr'>commentis</span> 
     </span>
    </p>
   </div>
   <div class='ocr_carea' id='block_1_5' title="bbox 311 1680 2099 5100">
    <p class='ocr_par' dir='ltr' id='par_1_5' title="bbox 311 1680 2099 5100">
     <span class='ocr_line' id='line_1_8' title="bbox 316 1680 2098 1775; baseline -0.003 -24"><span class='ocrx_word' id='word_1_62' title='bbox 316 1687 515 1775; x_wconf 86' lang='lat' dir='ltr'>perstiteris:</span> <span class='ocrx_word' id='word_1_63' title='bbox 540 1684 683 1771; x_wconf 88' lang='lat' dir='ltr'>quinon</span> <span class='ocrx_word' id='word_1_64' title='bbox 703 1693 770 1748; x_wconf 89' lang='lat' dir='ltr'>tam</span> <span class='ocrx_word' id='word_1_65' title='bbox 794 1684 975 1748; x_wconf 87' lang='lat' dir='ltr'>sententiae</span> <span class='ocrx_word' id='word_1_66' title='bbox 994 1684 1189 1748; x_wconf 85' lang='lat' dir='ltr'>necessitate</span> <span class='ocrx_word' id='word_1_67' title='bbox 1212 1703 1310 1769; x_wconf 90' lang='lat' dir='ltr'>quam</span> <span class='ocrx_word' id='word_1_68' title='bbox 1329 1682 1438 1768; x_wconf 89' lang='lat' dir='ltr'>speeie</span> <span class='ocrx_word' id='word_1_69' title='bbox 1461 1682 1601 1770; x_wconf 89' lang='lat' dir='ltr'>quadam</span> <span class='ocrx_word' id='word_1_70' title='bbox 1624 1680 1822 1764; x_wconf 89' lang='lat' dir='ltr'>litterarum,</span> <span class='ocrx_word' id='word_1_71' title='bbox 1846 1681 1956 1747; x_wconf 83' lang='lat' dir='ltr'>fallaci</span> <span class='ocrx_word' id='word_1_72' title='bbox 1978 1684 2098 1770; x_wconf 89' lang='lat' dir='ltr'>saepis-</span> 
     </span>
     <span class='ocr_line' id='line_1_9' title="bbox 316 1800 2098 1889; baseline -0.003 -20"><span class='ocrx_word' id='word_1_73' title='bbox 316 1829 424 1888; x_wconf 86' lang='lat' dir='ltr'>sume,</span> <span class='ocrx_word' id='word_1_74' title='bbox 456 1807 521 1870; x_wconf 89' lang='lat' dir='ltr'>nisi</span> <span class='ocrx_word' id='word_1_75' title='bbox 543 1803 668 1867; x_wconf 89' lang='lat' dir='ltr'>ratione</span> <span class='ocrx_word' id='word_1_76' title='bbox 700 1812 850 1886; x_wconf 88' lang='lat' dir='ltr'>regatur,</span> <span class='ocrx_word' id='word_1_77' title='bbox 882 1800 1044 1866; x_wconf 87' lang='lat' dir='ltr'>adductus</span> <span class='ocrx_word' id='word_1_78' title='bbox 1076 1825 1135 1889; x_wconf 91' lang='lat' dir='ltr'>pro</span> <span class='ocrx_word' id='word_1_79' title='bbox 1166 1801 1444 1866; x_wconf 86' lang='lat' dir='ltr'>laudaueatus</span> <span class='ocrx_word' id='word_1_80' title='bbox 1475 1803 1603 1889; x_wconf 85' lang='lat' dir='ltr'>reponit</span> <span class='ocrx_word' id='word_1_81' title='bbox 1633 1801 1776 1866; x_wconf 88' lang='lat' dir='ltr'>laudat</span> <span class='ocrx_word' id='word_1_82' title='bbox 1809 1811 1981 1866; x_wconf 87' lang='lat' dir='ltr'>uocatus</span> <span class='ocrx_word' id='word_1_83' title='bbox 2009 1803 2098 1865; x_wconf 92' lang='lat' dir='ltr'>etin</span> 
     </span>
     <span class='ocr_line' id='line_1_10' title="bbox 317 1919 2098 2011; baseline -0.003 -23"><span class='ocrx_word' id='word_1_84' title='bbox 317 1925 431 2011; x_wconf 90' lang='lat' dir='ltr'>legat</span> <span class='ocrx_word' id='word_1_85' title='bbox 454 1924 555 1988; x_wconf 87' lang='lat' dir='ltr'>latere</span> <span class='ocrx_word' id='word_1_86' title='bbox 577 1921 697 2007; x_wconf 89' lang='lat' dir='ltr'>luget</span> <span class='ocrx_word' id='word_1_87' title='bbox 720 1921 914 2007; x_wconf 88' lang='lat' dir='ltr'>suspicatur.</span> <span class='ocrx_word' id='word_1_88' title='bbox 960 1920 1048 2006; x_wconf 89' lang='lat' dir='ltr'>Ergo</span> <span class='ocrx_word' id='word_1_89' title='bbox 1072 1921 1182 1986; x_wconf 90' lang='lat' dir='ltr'>missis</span> <span class='ocrx_word' id='word_1_90' title='bbox 1210 1920 1301 2002; x_wconf 90' lang='lat' dir='ltr'>istis,</span> <span class='ocrx_word' id='word_1_91' title='bbox 1331 1928 1367 1983; x_wconf 89' lang='lat' dir='ltr'>ut</span> <span class='ocrx_word' id='word_1_92' title='bbox 1398 1941 1418 1982; x_wconf 91' lang='lat' dir='ltr'>a</span> <span class='ocrx_word' id='word_1_93' title='bbox 1449 1941 1548 1985; x_wconf 89' lang='lat' dir='ltr'>sensu</span> <span class='ocrx_word' id='word_1_94' title='bbox 1577 1921 1744 2008; x_wconf 86' lang='lat' dir='ltr'>scriptoris</span> <span class='ocrx_word' id='word_1_95' title='bbox 1771 1921 2034 2008; x_wconf 88' lang='lat' dir='ltr'>proficiscamur,</span> <span class='ocrx_word' id='word_1_96' title='bbox 2058 1919 2098 1984; x_wconf 79' lang='lat' dir='ltr'>de</span> 
     </span>
     <span class='ocr_line' id='line_1_11' title="bbox 317 2037 2098 2128; baseline -0.004 -20"><span class='ocrx_word' id='word_1_97' title='bbox 317 2043 430 2108; x_wconf 84' lang='lat' dir='ltr'>funere</span> <span class='ocrx_word' id='word_1_98' title='bbox 464 2043 518 2128; x_wconf 92' lang='lat' dir='ltr'>agi</span> <span class='ocrx_word' id='word_1_99' title='bbox 550 2039 703 2128; x_wconf 85' lang='lat' dir='ltr'>adparet,</span> <span class='ocrx_word' id='word_1_100' title='bbox 737 2037 832 2122; x_wconf 89' lang='lat' dir='ltr'>Nigri</span> <span class='ocrx_word' id='word_1_101' title='bbox 865 2038 1014 2106; x_wconf 83' lang='lat' dir='ltr'>Censorii</span> <span class='ocrx_word' id='word_1_102' title='bbox 1047 2041 1175 2128; x_wconf 90' lang='lat' dir='ltr'>opinor,</span> <span class='ocrx_word' id='word_1_103' title='bbox 1210 2037 1250 2102; x_wconf 91' lang='lat' dir='ltr'>de</span> <span class='ocrx_word' id='word_1_104' title='bbox 1279 2039 1371 2102; x_wconf 90' lang='lat' dir='ltr'>euius</span> <span class='ocrx_word' id='word_1_105' title='bbox 1393 2038 1486 2104; x_wconf 91' lang='lat' dir='ltr'>obitu</span> <span class='ocrx_word' id='word_1_106' title='bbox 1507 2061 1546 2104; x_wconf 90' lang='lat' dir='ltr'>ae</span> <span class='ocrx_word' id='word_1_107' title='bbox 1568 2049 1763 2104; x_wconf 87' lang='lat' dir='ltr'>testamento</span> <span class='ocrx_word' id='word_1_108' title='bbox 1788 2040 1910 2105; x_wconf 86' lang='lat' dir='ltr'>Fronto</span> <span class='ocrx_word' id='word_1_109' title='bbox 1933 2042 2027 2126; x_wconf 87' lang='lat' dir='ltr'>epist.</span> <span class='ocrx_word' id='word_1_110' title='bbox 2051 2037 2098 2102; x_wconf 92' lang='lat' dir='ltr'>IV</span> 
     </span>
     <span class='ocr_line' id='line_1_12' title="bbox 316 2154 2098 2250; baseline -0.002 -26"><span class='ocrx_word' id='word_1_111' title='bbox 316 2165 328 2246; x_wconf 72' lang='lat' dir='ltr'>l</span> <span class='ocrx_word' id='word_1_112' title='bbox 332 2184 363 2249; x_wconf 95' lang='lat' dir='ltr'>p.</span> <span class='ocrx_word' id='word_1_113' title='bbox 387 2165 406 2224; x_wconf 87' lang='lat'>9</span> <span class='ocrx_word' id='word_1_114' title='bbox 429 2185 500 2250; x_wconf 91' lang='lat' dir='ltr'>sqq.</span> <span class='ocrx_word' id='word_1_115' title='bbox 525 2159 575 2226; x_wconf 90' lang='lat' dir='ltr'>ed.</span> <span class='ocrx_word' id='word_1_116' title='bbox 597 2156 701 2242; x_wconf 89' lang='lat' dir='ltr'>Med.)</span> <span class='ocrx_word' id='word_1_117' title='bbox 725 2156 768 2222; x_wconf 91' lang='lat' dir='ltr'>ad</span> <span class='ocrx_word' id='word_1_118' title='bbox 790 2157 963 2222; x_wconf 83' lang='lat' dir='ltr'>Caesarem</span> <span class='ocrx_word' id='word_1_119' title='bbox 989 2159 1129 2245; x_wconf 88' lang='lat' dir='ltr'>scripsit.</span> <span class='ocrx_word' id='word_1_120' title='bbox 1175 2155 1324 2222; x_wconf 86' lang='lat' dir='ltr'>Eundem</span> <span class='ocrx_word' id='word_1_121' title='bbox 1357 2154 1398 2220; x_wconf 91' lang='lat' dir='ltr'>de</span> <span class='ocrx_word' id='word_1_122' title='bbox 1430 2159 1642 2245; x_wconf 85' lang='lat' dir='ltr'>exequiarum</span> <span class='ocrx_word' id='word_1_123' title='bbox 1681 2159 1746 2222; x_wconf 90' lang='lat' dir='ltr'>ritu</span> <span class='ocrx_word' id='word_1_124' title='bbox 1779 2158 1922 2224; x_wconf 90' lang='lat' dir='ltr'>adierat:</span> <span class='ocrx_word' id='word_1_125' title='bbox 1957 2158 2010 2220; x_wconf 90' lang='lat' dir='ltr'>eui</span> <span class='ocrx_word' id='word_1_126' title='bbox 2043 2155 2098 2220; x_wconf 91' lang='lat' dir='ltr'>ille</span> 
     </span>
     <span class='ocr_line' id='line_1_13' title="bbox 315 2275 2097 2365; baseline -0.002 -23"><span class='ocrx_word' id='word_1_127' title='bbox 315 2301 401 2342; x_wconf 90' lang='lat' dir='ltr'>nune</span> <span class='ocrx_word' id='word_1_128' title='bbox 423 2277 600 2365; x_wconf 84' lang='lat' dir='ltr'>respondet</span> <span class='ocrx_word' id='word_1_129' title='bbox 621 2278 668 2342; x_wconf 85' lang='lat' dir='ltr'>ita</span> <span class='ocrx_word' id='word_1_130' title='bbox 689 2287 810 2340; x_wconf 89' lang='lat' dir='ltr'>utnon</span> <span class='ocrx_word' id='word_1_131' title='bbox 832 2275 963 2342; x_wconf 90' lang='lat' dir='ltr'>modum</span> <span class='ocrx_word' id='word_1_132' title='bbox 989 2275 1130 2363; x_wconf 76' lang='lat' dir='ltr'>aliquem</span> <span class='ocrx_word' id='word_1_133' title='bbox 1154 2275 1278 2340; x_wconf 89' lang='lat' dir='ltr'>funeris</span> <span class='ocrx_word' id='word_1_134' title='bbox 1301 2275 1520 2360; x_wconf 86' lang='lat' dir='ltr'>commendet,</span> <span class='ocrx_word' id='word_1_135' title='bbox 1543 2277 1601 2343; x_wconf 88' lang='lat' dir='ltr'>sed</span> <span class='ocrx_word' id='word_1_136' title='bbox 1623 2278 1711 2342; x_wconf 92' lang='lat' dir='ltr'>uiam</span> <span class='ocrx_word' id='word_1_137' title='bbox 1734 2277 1952 2364; x_wconf 64' lang='lat' dir='ltr'>indicetque</span> <span class='ocrx_word' id='word_1_138' title='bbox 1977 2275 2097 2340; x_wconf 87' lang='lat' dir='ltr'>Fronto</span> 
     </span>
     <span class='ocr_line' id='line_1_14' title="bbox 315 2393 2098 2484; baseline -0.001 -24"><span class='ocrx_word' id='word_1_139' title='bbox 315 2397 401 2482; x_wconf 93' lang='lat' dir='ltr'>ipse,</span> <span class='ocrx_word' id='word_1_140' title='bbox 425 2397 504 2483; x_wconf 91' lang='lat' dir='ltr'>quid</span> <span class='ocrx_word' id='word_1_141' title='bbox 528 2397 575 2462; x_wconf 90' lang='lat' dir='ltr'>rei</span> <span class='ocrx_word' id='word_1_142' title='bbox 600 2393 778 2460; x_wconf 88' lang='lat' dir='ltr'>conditioni</span> <span class='ocrx_word' id='word_1_143' title='bbox 801 2396 992 2477; x_wconf 86' lang='lat' dir='ltr'>conueniat,</span> <span class='ocrx_word' id='word_1_144' title='bbox 1010 2395 1168 2480; x_wconf 88' lang='lat' dir='ltr'>indagare</span> <span class='ocrx_word' id='word_1_145' title='bbox 1192 2395 1305 2482; x_wconf 86' lang='lat' dir='ltr'>possit.</span> <span class='ocrx_word' id='word_1_146' title='bbox 1351 2393 1479 2476; x_wconf 77' lang='lat' dir='ltr'>‘Quid</span> <span class='ocrx_word' id='word_1_147' title='bbox 1501 2397 1684 2461; x_wconf 87' lang='lat' dir='ltr'>incertas</span> <span class='ocrx_word' id='word_1_148' title='bbox 1707 2407 1744 2462; x_wconf 92' lang='lat' dir='ltr'>et</span> <span class='ocrx_word' id='word_1_149' title='bbox 1767 2417 1987 2484; x_wconf 89' lang='lat' dir='ltr'>suspensas</span> <span class='ocrx_word' id='word_1_150' title='bbox 2010 2418 2098 2458; x_wconf 86' lang='lat' dir='ltr'>exc-</span> 
     </span>
     <span class='ocr_line' id='line_1_15' title="bbox 315 2513 2097 2602; baseline 0.001 -25"><span class='ocrx_word' id='word_1_151' title='bbox 315 2515 435 2600; x_wconf 89' lang='lat' dir='ltr'>quias</span> <span class='ocrx_word' id='word_1_152' title='bbox 459 2514 572 2600; x_wconf 84' lang='lat' dir='ltr'>agis?</span> <span class='ocrx_word' id='word_1_153' title='bbox 595 2513 770 2578; x_wconf 88' lang='lat' dir='ltr'>omnium</span> <span class='ocrx_word' id='word_1_154' title='bbox 790 2514 1012 2578; x_wconf 90' lang='lat' dir='ltr'>animarum</span> <span class='ocrx_word' id='word_1_155' title='bbox 1035 2513 1177 2578; x_wconf 89' lang='lat' dir='ltr'>statim</span> <span class='ocrx_word' id='word_1_156' title='bbox 1198 2524 1292 2602; x_wconf 87' lang='lat' dir='ltr'>post</span> <span class='ocrx_word' id='word_1_157' title='bbox 1316 2524 1486 2580; x_wconf 91' lang='lat' dir='ltr'>mortem</span> <span class='ocrx_word' id='word_1_158' title='bbox 1515 2513 1722 2579; x_wconf 88' lang='lat' dir='ltr'>hereditas</span> <span class='ocrx_word' id='word_1_159' title='bbox 1749 2523 1970 2580; x_wconf 87' lang='lat' dir='ltr'>cernatur.&#39;</span> <span class='ocrx_word' id='word_1_160' title='bbox 2017 2513 2097 2578; x_wconf 90' lang='lat' dir='ltr'>Inde</span> 
     </span>
     <span class='ocr_line' id='line_1_16' title="bbox 315 2630 2099 2720; baseline -0.001 -23"><span class='ocrx_word' id='word_1_161' title='bbox 315 2632 450 2714; x_wconf 88' lang='lat' dir='ltr'>lacuna,</span> <span class='ocrx_word' id='word_1_162' title='bbox 473 2655 570 2720; x_wconf 90' lang='lat' dir='ltr'>quam</span> <span class='ocrx_word' id='word_1_163' title='bbox 593 2631 793 2718; x_wconf 89' lang='lat' dir='ltr'>significaui,</span> <span class='ocrx_word' id='word_1_164' title='bbox 818 2633 865 2696; x_wconf 89' lang='lat' dir='ltr'>sic</span> <span class='ocrx_word' id='word_1_165' title='bbox 887 2631 1009 2699; x_wconf 87' lang='lat' dir='ltr'>rectius</span> <span class='ocrx_word' id='word_1_166' title='bbox 1033 2632 1163 2698; x_wconf 90' lang='lat' dir='ltr'>uidetur</span> <span class='ocrx_word' id='word_1_167' title='bbox 1184 2630 1323 2720; x_wconf 88' lang='lat' dir='ltr'>expleri:</span> <span class='ocrx_word' id='word_1_168' title='bbox 1347 2632 1393 2698; x_wconf 90' lang='lat' dir='ltr'>de</span> <span class='ocrx_word' id='word_1_169' title='bbox 1421 2633 1562 2698; x_wconf 84' lang='lat' dir='ltr'>funere</span> <span class='ocrx_word' id='word_1_170' title='bbox 1592 2643 1721 2698; x_wconf 92' lang='lat' dir='ltr'>autem</span> <span class='ocrx_word' id='word_1_171' title='bbox 1751 2633 1902 2697; x_wconf 86' lang='lat' dir='ltr'>NIHIL</span> <span class='ocrx_word' id='word_1_172' title='bbox 1934 2631 2099 2698; x_wconf 89' lang='lat' dir='ltr'>manda-</span> 
     </span>
     <span class='ocr_line' id='line_1_17' title="bbox 315 2749 2096 2840; baseline 0 -26"><span class='ocrx_word' id='word_1_173' title='bbox 315 2773 415 2834; x_wconf 91' lang='lat' dir='ltr'>mus,</span> <span class='ocrx_word' id='word_1_174' title='bbox 439 2775 536 2840; x_wconf 87' lang='lat' dir='ltr'>quam</span> <span class='ocrx_word' id='word_1_175' title='bbox 560 2775 634 2816; x_wconf 90' lang='lat' dir='ltr'>cum</span> <span class='ocrx_word' id='word_1_176' title='bbox 654 2751 744 2815; x_wconf 89' lang='lat' dir='ltr'>Maio</span> <span class='ocrx_word' id='word_1_177' title='bbox 763 2749 898 2816; x_wconf 90' lang='lat' dir='ltr'>inhune</span> <span class='ocrx_word' id='word_1_178' title='bbox 918 2749 1067 2818; x_wconf 90' lang='lat' dir='ltr'>modum:</span> <span class='ocrx_word' id='word_1_179' title='bbox 1091 2750 1138 2814; x_wconf 94' lang='lat' dir='ltr'>de</span> <span class='ocrx_word' id='word_1_180' title='bbox 1166 2751 1310 2816; x_wconf 86' lang='lat' dir='ltr'>iuuere</span> <span class='ocrx_word' id='word_1_181' title='bbox 1338 2761 1473 2816; x_wconf 91' lang='lat' dir='ltr'>autem</span> <span class='ocrx_word' id='word_1_182' title='bbox 1498 2751 1599 2815; x_wconf 89' lang='lat' dir='ltr'>haee</span> <span class='ocrx_word' id='word_1_183' title='bbox 1628 2752 1877 2818; x_wconf 86' lang='lat' dir='ltr'>mandamus.</span> <span class='ocrx_word' id='word_1_184' title='bbox 1923 2751 2096 2818; x_wconf 84' lang='lat' dir='ltr'>Rationem</span> 
     </span>
     <span class='ocr_line' id='line_1_18' title="bbox 316 2859 2097 2959; baseline -0.001 -26"><span class='ocrx_word' id='word_1_185' title='bbox 316 2893 375 2935; x_wconf 87' lang='lat' dir='ltr'>cur</span> <span class='ocrx_word' id='word_1_186' title='bbox 393 2893 458 2936; x_wconf 87' lang='lat' dir='ltr'>uon</span> <span class='ocrx_word' id='word_1_187' title='bbox 481 2871 602 2936; x_wconf 87' lang='lat' dir='ltr'>certius</span> <span class='ocrx_word' id='word_1_188' title='bbox 626 2859 706 2958; x_wconf 90' lang='lat' dir='ltr'>quid</span> <span class='ocrx_word' id='word_1_189' title='bbox 727 2871 762 2934; x_wconf 87' lang='lat' dir='ltr'>in</span> <span class='ocrx_word' id='word_1_190' title='bbox 782 2892 824 2934; x_wconf 90' lang='lat' dir='ltr'>ea</span> <span class='ocrx_word' id='word_1_191' title='bbox 840 2893 876 2936; x_wconf 90' lang='lat' dir='ltr'>re</span> <span class='ocrx_word' id='word_1_192' title='bbox 897 2869 1006 2936; x_wconf 82' lang='lat' dir='ltr'>tradat</span> <span class='ocrx_word' id='word_1_193' title='bbox 1026 2871 1184 2956; x_wconf 87' lang='lat' dir='ltr'>magistro</span> <span class='ocrx_word' id='word_1_194' title='bbox 1207 2869 1330 2936; x_wconf 86' lang='lat' dir='ltr'>Caesar</span> <span class='ocrx_word' id='word_1_195' title='bbox 1351 2870 1516 2956; x_wconf 88' lang='lat' dir='ltr'>adiungit,</span> <span class='ocrx_word' id='word_1_196' title='bbox 1539 2871 1627 2959; x_wconf 91' lang='lat' dir='ltr'>quod</span> <span class='ocrx_word' id='word_1_197' title='bbox 1648 2871 1794 2936; x_wconf 86' lang='lat' dir='ltr'>familiae</span> <span class='ocrx_word' id='word_1_198' title='bbox 1817 2873 1860 2938; x_wconf 88' lang='lat' dir='ltr'>sit</span> <span class='ocrx_word' id='word_1_199' title='bbox 1889 2871 1988 2936; x_wconf 88' lang='lat' dir='ltr'>funus</span> <span class='ocrx_word' id='word_1_200' title='bbox 2014 2870 2097 2934; x_wconf 86' lang='lat' dir='ltr'>ordi-</span> 
     </span>
     <span class='ocr_line' id='line_1_19' title="bbox 314 2986 2097 3078; baseline -0.001 -26"><span class='ocrx_word' id='word_1_201' title='bbox 314 3011 404 3054; x_wconf 87' lang='lat' dir='ltr'>nare.</span> <span class='ocrx_word' id='word_1_202' title='bbox 445 2989 578 3054; x_wconf 67' lang='lat' dir='ltr'>‘Sciat</span> <span class='ocrx_word' id='word_1_203' title='bbox 597 2986 759 3054; x_wconf 83' lang='lat' dir='ltr'>familia</span> <span class='ocrx_word' id='word_1_204' title='bbox 781 3012 896 3078; x_wconf 91' lang='lat' dir='ltr'>quem</span> <span class='ocrx_word' id='word_1_205' title='bbox 919 2987 1129 3054; x_wconf 88' lang='lat' dir='ltr'>admodum</span> <span class='ocrx_word' id='word_1_206' title='bbox 1150 2988 1324 3074; x_wconf 84' lang='lat' dir='ltr'>lugeat&#39;</span> <span class='ocrx_word' id='word_1_207' title='bbox 1356 2989 1418 3054; x_wconf 87' lang='lat' dir='ltr'>Cui</span> <span class='ocrx_word' id='word_1_208' title='bbox 1437 2991 1618 3056; x_wconf 86' lang='lat' dir='ltr'>sententiae</span> <span class='ocrx_word' id='word_1_209' title='bbox 1634 3013 1698 3078; x_wconf 92' lang='lat' dir='ltr'>quo</span> <span class='ocrx_word' id='word_1_210' title='bbox 1714 2990 1917 3056; x_wconf 84' lang='lat' dir='ltr'>concinnitas</span> <span class='ocrx_word' id='word_1_211' title='bbox 1932 2987 2097 3069; x_wconf 88' lang='lat' dir='ltr'>reddatur,</span> 
     </span>
     <span class='ocr_line' id='line_1_20' title="bbox 315 3106 2097 3198; baseline -0.002 -26"><span class='ocrx_word' id='word_1_212' title='bbox 315 3107 437 3172; x_wconf 85' lang='lat' dir='ltr'>scribe:</span> <span class='ocrx_word' id='word_1_213' title='bbox 467 3109 574 3173; x_wconf 86' lang='lat' dir='ltr'>sciat</span> <span class='ocrx_word' id='word_1_214' title='bbox 598 3107 756 3174; x_wconf 86' lang='lat' dir='ltr'>familia</span> <span class='ocrx_word' id='word_1_215' title='bbox 784 3131 901 3198; x_wconf 90' lang='lat' dir='ltr'>quem</span> <span class='ocrx_word' id='word_1_216' title='bbox 928 3106 1139 3173; x_wconf 88' lang='lat' dir='ltr'>admodum</span> <span class='ocrx_word' id='word_1_217' title='bbox 1173 3107 1422 3174; x_wconf 87' lang='lat' dir='ltr'>DOMINVM</span> <span class='ocrx_word' id='word_1_218' title='bbox 1450 3108 1604 3194; x_wconf 87' lang='lat' dir='ltr'>lugeat.</span> <span class='ocrx_word' id='word_1_219' title='bbox 1650 3109 1701 3174; x_wconf 89' lang='lat' dir='ltr'>Ita</span> <span class='ocrx_word' id='word_1_220' title='bbox 1723 3109 1810 3174; x_wconf 89' lang='lat' dir='ltr'>enim</span> <span class='ocrx_word' id='word_1_221' title='bbox 1830 3107 1935 3174; x_wconf 87' lang='lat' dir='ltr'>solent</span> <span class='ocrx_word' id='word_1_222' title='bbox 1958 3108 2043 3172; x_wconf 88' lang='lat' dir='ltr'>inter</span> <span class='ocrx_word' id='word_1_223' title='bbox 2063 3128 2097 3169; x_wconf 84' lang='lat' dir='ltr'>sc</span> 
     </span>
     <span class='ocr_line' id='line_1_21' title="bbox 316 3223 2098 3322; baseline -0.001 -32"><span class='ocrx_word' id='word_1_224' title='bbox 316 3226 478 3291; x_wconf 80' lang='lat' dir='ltr'>familia</span> <span class='ocrx_word' id='word_1_225' title='bbox 499 3249 538 3290; x_wconf 89' lang='lat' dir='ltr'>ae</span> <span class='ocrx_word' id='word_1_226' title='bbox 560 3227 747 3293; x_wconf 87' lang='lat' dir='ltr'>dominus</span> <span class='ocrx_word' id='word_1_227' title='bbox 769 3227 889 3315; x_wconf 90' lang='lat' dir='ltr'>opponi</span> <span class='ocrx_word' id='word_1_228' title='bbox 913 3226 969 3322; x_wconf 80' lang='lat' dir='ltr'>(ci.</span> <span class='ocrx_word' id='word_1_229' title='bbox 993 3225 1075 3292; x_wconf 84' lang='lat' dir='ltr'>Cato</span> <span class='ocrx_word' id='word_1_230' title='bbox 1099 3226 1139 3292; x_wconf 92' lang='lat' dir='ltr'>de</span> <span class='ocrx_word' id='word_1_231' title='bbox 1158 3249 1193 3292; x_wconf 91' lang='lat' dir='ltr'>re</span> <span class='ocrx_word' id='word_1_232' title='bbox 1214 3229 1336 3292; x_wconf 89' lang='lat' dir='ltr'>rustica</span> <span class='ocrx_word' id='word_1_233' title='bbox 1364 3250 1392 3292; x_wconf 90' lang='lat' dir='ltr'>c.</span> <span class='ocrx_word' id='word_1_234' title='bbox 1417 3232 1447 3290; x_wconf 90' lang='lat'>5.</span> <span class='ocrx_word' id='word_1_235' title='bbox 1476 3225 1646 3292; x_wconf 87' lang='lat' dir='ltr'>Phaedrus</span> <span class='ocrx_word' id='word_1_236' title='bbox 1665 3227 1718 3292; x_wconf 94' lang='lat' dir='ltr'>lll</span> <span class='ocrx_word' id='word_1_237' title='bbox 1745 3231 1793 3309; x_wconf 82' lang='lat'>19,</span> <span class='ocrx_word' id='word_1_238' title='bbox 1814 3229 1863 3315; x_wconf 87' lang='lat' dir='ltr'>l):</span> <span class='ocrx_word' id='word_1_239' title='bbox 1885 3249 1946 3292; x_wconf 90' lang='lat' dir='ltr'>nee</span> <span class='ocrx_word' id='word_1_240' title='bbox 1964 3223 2098 3290; x_wconf 80' lang='lat' dir='ltr'>difficile</span> 
     </span>
     <span class='ocr_line' id='line_1_22' title="bbox 314 3344 2096 3434; baseline -0.001 -24"><span class='ocrx_word' id='word_1_241' title='bbox 314 3347 402 3410; x_wconf 90' lang='lat' dir='ltr'>dum</span> <span class='ocrx_word' id='word_1_242' title='bbox 425 3345 572 3432; x_wconf 87' lang='lat' dir='ltr'>syllabae</span> <span class='ocrx_word' id='word_1_243' title='bbox 593 3347 716 3410; x_wconf 83' lang='lat' dir='ltr'>uicinia</span> <span class='ocrx_word' id='word_1_244' title='bbox 737 3345 833 3411; x_wconf 77' lang='lat' dir='ltr'>d&#39;nti</span> <span class='ocrx_word' id='word_1_245' title='bbox 855 3345 902 3432; x_wconf 93' lang='lat' dir='ltr'>(h.</span> <span class='ocrx_word' id='word_1_246' title='bbox 926 3368 954 3410; x_wconf 93' lang='lat' dir='ltr'>e.</span> <span class='ocrx_word' id='word_1_247' title='bbox 977 3344 1194 3432; x_wconf 89' lang='lat' dir='ltr'>dominum)</span> <span class='ocrx_word' id='word_1_248' title='bbox 1215 3347 1361 3411; x_wconf 84' lang='lat' dir='ltr'>extriuit.</span> <span class='ocrx_word' id='word_1_249' title='bbox 1427 3347 1479 3410; x_wconf 92' lang='lat' dir='ltr'>De</span> <span class='ocrx_word' id='word_1_250' title='bbox 1503 3347 1671 3433; x_wconf 87' lang='lat' dir='ltr'>proxumis</span> <span class='ocrx_word' id='word_1_251' title='bbox 1693 3346 1774 3411; x_wconf 86' lang='lat' dir='ltr'>illud</span> <span class='ocrx_word' id='word_1_252' title='bbox 1797 3348 1831 3410; x_wconf 91' lang='lat' dir='ltr'>in</span> <span class='ocrx_word' id='word_1_253' title='bbox 1849 3346 1963 3434; x_wconf 90' lang='lat' dir='ltr'>primis</span> <span class='ocrx_word' id='word_1_254' title='bbox 1985 3354 2096 3409; x_wconf 88' lang='lat' dir='ltr'>tenen-</span> 
     </span>
     <span class='ocr_line' id='line_1_23' title="bbox 314 3462 2097 3552; baseline -0.002 -24"><span class='ocrx_word' id='word_1_255' title='bbox 314 3465 391 3530; x_wconf 85' lang='lat' dir='ltr'>‹lum</span> <span class='ocrx_word' id='word_1_256' title='bbox 422 3476 488 3547; x_wconf 89' lang='lat' dir='ltr'>est,</span> <span class='ocrx_word' id='word_1_257' title='bbox 521 3487 541 3528; x_wconf 88' lang='lat' dir='ltr'>a</span> <span class='ocrx_word' id='word_1_258' title='bbox 569 3462 793 3551; x_wconf 86' lang='lat' dir='ltr'>plangendi</span> <span class='ocrx_word' id='word_1_259' title='bbox 824 3463 925 3528; x_wconf 91' lang='lat' dir='ltr'>uerbo</span> <span class='ocrx_word' id='word_1_260' title='bbox 955 3475 1058 3530; x_wconf 91' lang='lat' dir='ltr'>totum</span> <span class='ocrx_word' id='word_1_261' title='bbox 1080 3465 1284 3529; x_wconf 88' lang='lat' dir='ltr'>enuntiatum</span> <span class='ocrx_word' id='word_1_262' title='bbox 1314 3465 1467 3552; x_wconf 86' lang='lat' dir='ltr'>pendere.</span> <span class='ocrx_word' id='word_1_263' title='bbox 1512 3464 1644 3530; x_wconf 80' lang='lat' dir='ltr'>Etenim</span> <span class='ocrx_word' id='word_1_264' title='bbox 1667 3465 1728 3529; x_wconf 89' lang='lat' dir='ltr'>hoe</span> <span class='ocrx_word' id='word_1_265' title='bbox 1751 3467 1812 3546; x_wconf 88' lang='lat' dir='ltr'>ait,</span> <span class='ocrx_word' id='word_1_266' title='bbox 1835 3465 2001 3530; x_wconf 88' lang='lat' dir='ltr'>diuersum</span> <span class='ocrx_word' id='word_1_267' title='bbox 2024 3485 2097 3527; x_wconf 79' lang='lat' dir='ltr'>esse</span> 
     </span>
     <span class='ocr_line' id='line_1_24' title="bbox 314 3581 2096 3670; baseline -0.001 -22"><span class='ocrx_word' id='word_1_268' title='bbox 314 3585 480 3649; x_wconf 90' lang='lat' dir='ltr'>hominum</span> <span class='ocrx_word' id='word_1_269' title='bbox 502 3583 624 3648; x_wconf 88' lang='lat' dir='ltr'>luctum</span> <span class='ocrx_word' id='word_1_270' title='bbox 646 3606 704 3670; x_wconf 92' lang='lat' dir='ltr'>pro</span> <span class='ocrx_word' id='word_1_271' title='bbox 727 3583 917 3648; x_wconf 88' lang='lat' dir='ltr'>diuersitate</span> <span class='ocrx_word' id='word_1_272' title='bbox 940 3581 1140 3646; x_wconf 87' lang='lat' dir='ltr'>hereditatis.</span> <span class='ocrx_word' id='word_1_273' title='bbox 1185 3582 1268 3647; x_wconf 90' lang='lat' dir='ltr'>Nam</span> <span class='ocrx_word' id='word_1_274' title='bbox 1287 3585 1575 3650; x_wconf 87' lang='lat' dir='ltr'>manumissionem</span> <span class='ocrx_word' id='word_1_275' title='bbox 1597 3584 1683 3648; x_wconf 89' lang='lat' dir='ltr'>serui</span> <span class='ocrx_word' id='word_1_276' title='bbox 1704 3584 1792 3648; x_wconf 89' lang='lat' dir='ltr'>haud</span> <span class='ocrx_word' id='word_1_277' title='bbox 1814 3584 1912 3649; x_wconf 88' lang='lat' dir='ltr'>dubie</span> <span class='ocrx_word' id='word_1_278' title='bbox 1933 3585 2013 3650; x_wconf 89' lang='lat' dir='ltr'>dicit</span> <span class='ocrx_word' id='word_1_279' title='bbox 2025 3605 2096 3648; x_wconf 89' lang='lat' dir='ltr'>eam</span> 
     </span>
     <span class='ocr_line' id='line_1_25' title="bbox 312 3701 2095 3793; baseline -0.001 -26"><span class='ocrx_word' id='word_1_280' title='bbox 312 3725 397 3791; x_wconf 89' lang='lat' dir='ltr'>quae</span> <span class='ocrx_word' id='word_1_281' title='bbox 420 3703 476 3766; x_wconf 83' lang='lat' dir='ltr'>fiat</span> <span class='ocrx_word' id='word_1_282' title='bbox 494 3711 705 3793; x_wconf 80' lang='lat' dir='ltr'>testamento:</span> <span class='ocrx_word' id='word_1_283' title='bbox 728 3723 793 3788; x_wconf 89' lang='lat' dir='ltr'>qua</span> <span class='ocrx_word' id='word_1_284' title='bbox 815 3701 854 3764; x_wconf 91' lang='lat' dir='ltr'>de</span> <span class='ocrx_word' id='word_1_285' title='bbox 877 3702 954 3766; x_wconf 91' lang='lat' dir='ltr'>uide</span> <span class='ocrx_word' id='word_1_286' title='bbox 982 3711 1130 3766; x_wconf 88' lang='lat' dir='ltr'>ueterum</span> <span class='ocrx_word' id='word_1_287' title='bbox 1157 3702 1344 3768; x_wconf 88' lang='lat' dir='ltr'>testimonia</span> <span class='ocrx_word' id='word_1_288' title='bbox 1370 3702 1457 3793; x_wconf 90' lang='lat' dir='ltr'>apud</span> <span class='ocrx_word' id='word_1_289' title='bbox 1486 3703 1692 3768; x_wconf 89' lang='lat' dir='ltr'>Brissonium</span> <span class='ocrx_word' id='word_1_290' title='bbox 1722 3702 1762 3768; x_wconf 90' lang='lat' dir='ltr'>de</span> <span class='ocrx_word' id='word_1_291' title='bbox 1789 3701 1938 3770; x_wconf 89' lang='lat' dir='ltr'>formulis</span> <span class='ocrx_word' id='word_1_292' title='bbox 1965 3709 1995 3790; x_wconf 88' lang='lat' dir='ltr'>p&#39;.</span> <span class='ocrx_word' id='word_1_293' title='bbox 2024 3704 2095 3766; x_wconf 74' lang='lat'>592.</span> 
     </span>
     <span class='ocr_line' id='line_1_26' title="bbox 315 3819 2095 3910; baseline -0.001 -25"><span class='ocrx_word' id='word_1_294' title='bbox 315 3821 382 3885; x_wconf 89' lang='lat' dir='ltr'>Nee</span> <span class='ocrx_word' id='word_1_295' title='bbox 404 3820 517 3886; x_wconf 90' lang='lat' dir='ltr'>dubito</span> <span class='ocrx_word' id='word_1_296' title='bbox 540 3822 619 3908; x_wconf 90' lang='lat' dir='ltr'>quin</span> <span class='ocrx_word' id='word_1_297' title='bbox 641 3819 753 3884; x_wconf 86' lang='lat' dir='ltr'>addita</span> <span class='ocrx_word' id='word_1_298' title='bbox 780 3841 846 3884; x_wconf 87' lang='lat' dir='ltr'>una</span> <span class='ocrx_word' id='word_1_299' title='bbox 879 3819 1022 3884; x_wconf 87' lang='lat' dir='ltr'>litterula</span> <span class='ocrx_word' id='word_1_300' title='bbox 1053 3831 1217 3907; x_wconf 87' lang='lat' dir='ltr'>postrema</span> <span class='ocrx_word' id='word_1_301' title='bbox 1247 3823 1294 3886; x_wconf 91' lang='lat' dir='ltr'>sie</span> <span class='ocrx_word' id='word_1_302' title='bbox 1326 3833 1413 3886; x_wconf 89' lang='lat' dir='ltr'>reete</span> <span class='ocrx_word' id='word_1_303' title='bbox 1447 3823 1634 3886; x_wconf 86' lang='lat' dir='ltr'>restituam:</span> <span class='ocrx_word' id='word_1_304' title='bbox 1668 3821 1794 3888; x_wconf 90' lang='lat' dir='ltr'>aliter</span> <span class='ocrx_word' id='word_1_305' title='bbox 1828 3825 1888 3909; x_wconf 79' lang='lat' dir='ltr'>(sc.</span> <span class='ocrx_word' id='word_1_306' title='bbox 1922 3821 2095 3910; x_wconf 90' lang='lat' dir='ltr'>plangit)</span> 
     </span>
     <span class='ocr_line' id='line_1_27' title="bbox 313 3935 2096 4028; baseline -0.001 -24"><span class='ocrx_word' id='word_1_307' title='bbox 313 3943 469 4004; x_wconf 90' lang='lat' dir='ltr'>amicus</span> <span class='ocrx_word' id='word_1_308' title='bbox 491 3938 709 4004; x_wconf 80' lang='lat' dir='ltr'><strong>LEGATO</strong></span> <span class='ocrx_word' id='word_1_309' title='bbox 729 3935 964 4002; x_wconf 86' lang='lat' dir='ltr'>honoratus.</span> <span class='ocrx_word' id='word_1_310' title='bbox 989 3937 1041 4004; x_wconf 83' lang='lat' dir='ltr'>of.</span> <span class='ocrx_word' id='word_1_311' title='bbox 1068 3937 1211 4005; x_wconf 80' lang='lat' dir='ltr'>Callistr.</span> <span class='ocrx_word' id='word_1_312' title='bbox 1235 3939 1313 4025; x_wconf 89' lang='lat' dir='ltr'>Dig.</span> <span class='ocrx_word' id='word_1_313' title='bbox 1336 3943 1388 4024; x_wconf 78' lang='lat'>48,</span> <span class='ocrx_word' id='word_1_314' title='bbox 1422 3945 1470 4024; x_wconf 83' lang='lat' dir='ltr'>to,</span> <span class='ocrx_word' id='word_1_315' title='bbox 1503 3945 1539 4004; x_wconf 87' lang='lat'>15</span> <span class='ocrx_word' id='word_1_316' title='bbox 1570 3942 1725 4028; x_wconf 75' lang='lat' dir='ltr'>‘quiper</span> <span class='ocrx_word' id='word_1_317' title='bbox 1753 3964 1884 4006; x_wconf 87' lang='lat' dir='ltr'>seruum</span> <span class='ocrx_word' id='word_1_318' title='bbox 1911 3940 1965 4005; x_wconf 89' lang='lat' dir='ltr'>uel</span> <span class='ocrx_word' id='word_1_319' title='bbox 1993 3939 2096 4004; x_wconf 89' lang='lat' dir='ltr'>filium</span> 
     </span>
     <span class='ocr_line' id='line_1_28' title="bbox 313 4055 2097 4148; baseline 0.001 -28"><span class='ocrx_word' id='word_1_320' title='bbox 313 4059 457 4123; x_wconf 86' lang='lat' dir='ltr'>dictante</span> <span class='ocrx_word' id='word_1_321' title='bbox 477 4069 630 4122; x_wconf 83' lang='lat' dir='ltr'>testatore</span> <span class='ocrx_word' id='word_1_322' title='bbox 654 4057 788 4144; x_wconf 89' lang='lat' dir='ltr'>legato</span> <span class='ocrx_word' id='word_1_323' title='bbox 810 4055 1062 4122; x_wconf 67' lang='lat' dir='ltr'>honoratur!</span> <span class='ocrx_word' id='word_1_324' title='bbox 1085 4058 1272 4144; x_wconf 88' lang='lat' dir='ltr'>(Foreellin.</span> <span class='ocrx_word' id='word_1_325' title='bbox 1296 4059 1394 4147; x_wconf 83' lang='lat' dir='ltr'>Lex.)</span> <span class='ocrx_word' id='word_1_326' title='bbox 1445 4059 1490 4125; x_wconf 87' lang='lat' dir='ltr'>Vt</span> <span class='ocrx_word' id='word_1_327' title='bbox 1511 4067 1644 4148; x_wconf 89' lang='lat' dir='ltr'>propter</span> <span class='ocrx_word' id='word_1_328' title='bbox 1672 4059 1938 4148; x_wconf 87' lang='lat' dir='ltr'>aequabilitatem</span> <span class='ocrx_word' id='word_1_329' title='bbox 1969 4069 2097 4123; x_wconf 89' lang='lat' dir='ltr'>senten-</span> 
     </span>
     <span class='ocr_line' id='line_1_29' title="bbox 312 4174 2096 4266; baseline 0.001 -26"><span class='ocrx_word' id='word_1_330' title='bbox 312 4179 378 4242; x_wconf 89' lang='lat' dir='ltr'>tiae</span> <span class='ocrx_word' id='word_1_331' title='bbox 399 4178 498 4241; x_wconf 90' lang='lat' dir='ltr'>etiam</span> <span class='ocrx_word' id='word_1_332' title='bbox 520 4175 631 4241; x_wconf 86' lang='lat' dir='ltr'>clienti</span> <span class='ocrx_word' id='word_1_333' title='bbox 651 4174 820 4264; x_wconf 87' lang='lat' dir='ltr'>probabile</span> <span class='ocrx_word' id='word_1_334' title='bbox 841 4176 884 4239; x_wconf 92' lang='lat' dir='ltr'>sit</span> <span class='ocrx_word' id='word_1_335' title='bbox 901 4175 1048 4240; x_wconf 90' lang='lat' dir='ltr'>additum</span> <span class='ocrx_word' id='word_1_336' title='bbox 1072 4176 1190 4260; x_wconf 83' lang='lat' dir='ltr'>luisse,</span> <span class='ocrx_word' id='word_1_337' title='bbox 1219 4179 1306 4266; x_wconf 91' lang='lat' dir='ltr'>quod</span> <span class='ocrx_word' id='word_1_338' title='bbox 1333 4178 1514 4244; x_wconf 85' lang='lat' dir='ltr'>hereditate</span> <span class='ocrx_word' id='word_1_339' title='bbox 1542 4181 1571 4242; x_wconf 92' lang='lat' dir='ltr'>ei</span> <span class='ocrx_word' id='word_1_340' title='bbox 1599 4181 1785 4266; x_wconf 89' lang='lat' dir='ltr'>eontigerit.</span> <span class='ocrx_word' id='word_1_341' title='bbox 1829 4181 1880 4244; x_wconf 83' lang='lat' dir='ltr'>Ac</span> <span class='ocrx_word' id='word_1_342' title='bbox 1908 4179 2096 4264; x_wconf 86' lang='lat' dir='ltr'>circumspi-</span> 
     </span>
     <span class='ocr_line' id='line_1_30' title="bbox 312 4295 2095 4386; baseline 0.001 -26"><span class='ocrx_word' id='word_1_343' title='bbox 312 4298 411 4360; x_wconf 89' lang='lat' dir='ltr'>cienti</span> <span class='ocrx_word' id='word_1_344' title='bbox 431 4295 512 4361; x_wconf 92' lang='lat' dir='ltr'>mihi</span> <span class='ocrx_word' id='word_1_345' title='bbox 531 4296 611 4383; x_wconf 93' lang='lat' dir='ltr'>quid</span> <span class='ocrx_word' id='word_1_346' title='bbox 633 4297 742 4382; x_wconf 87' lang='lat' dir='ltr'>aptius</span> <span class='ocrx_word' id='word_1_347' title='bbox 762 4297 935 4359; x_wconf 88' lang='lat' dir='ltr'>memorari</span> <span class='ocrx_word' id='word_1_348' title='bbox 958 4295 1132 4382; x_wconf 89' lang='lat' dir='ltr'>adoptione</span> <span class='ocrx_word' id='word_1_349' title='bbox 1154 4299 1295 4386; x_wconf 90' lang='lat' dir='ltr'>potuerit</span> <span class='ocrx_word' id='word_1_350' title='bbox 1318 4321 1383 4364; x_wconf 87' lang='lat' dir='ltr'>non</span> <span class='ocrx_word' id='word_1_351' title='bbox 1405 4299 1552 4365; x_wconf 90' lang='lat' dir='ltr'>inuenio:</span> <span class='ocrx_word' id='word_1_352' title='bbox 1577 4320 1674 4386; x_wconf 89' lang='lat' dir='ltr'>quam</span> <span class='ocrx_word' id='word_1_353' title='bbox 1702 4298 1778 4363; x_wconf 89' lang='lat' dir='ltr'>olim</span> <span class='ocrx_word' id='word_1_354' title='bbox 1808 4311 1844 4365; x_wconf 91' lang='lat' dir='ltr'>ut</span> <span class='ocrx_word' id='word_1_355' title='bbox 1871 4299 2095 4364; x_wconf 89' lang='lat' dir='ltr'>manumissio-</span> 
     </span>
     <span class='ocr_line' id='line_1_31' title="bbox 312 4413 2096 4485; baseline 0.002 -6"><span class='ocrx_word' id='word_1_356' title='bbox 312 4439 385 4479; x_wconf 88' lang='lat' dir='ltr'>nem</span> <span class='ocrx_word' id='word_1_357' title='bbox 409 4413 547 4480; x_wconf 87' lang='lat' dir='ltr'>subinde</span> <span class='ocrx_word' id='word_1_358' title='bbox 571 4415 668 4479; x_wconf 88' lang='lat' dir='ltr'>etiam</span> <span class='ocrx_word' id='word_1_359' title='bbox 691 4423 885 4479; x_wconf 85' lang='lat' dir='ltr'>testamento</span> <span class='ocrx_word' id='word_1_360' title='bbox 910 4413 1074 4479; x_wconf 87' lang='lat' dir='ltr'>decretam</span> <span class='ocrx_word' id='word_1_361' title='bbox 1101 4439 1175 4480; x_wconf 90' lang='lat' dir='ltr'>esse</span> <span class='ocrx_word' id='word_1_362' title='bbox 1203 4418 1272 4481; x_wconf 91' lang='lat' dir='ltr'>iure</span> <span class='ocrx_word' id='word_1_363' title='bbox 1302 4416 1442 4482; x_wconf 87' lang='lat' dir='ltr'>consulti</span> <span class='ocrx_word' id='word_1_364' title='bbox 1468 4415 1615 4484; x_wconf 90' lang='lat' dir='ltr'>edocent.</span> <span class='ocrx_word' id='word_1_365' title='bbox 1662 4419 1715 4483; x_wconf 81' lang='lat' dir='ltr'>cf.</span> <span class='ocrx_word' id='word_1_366' title='bbox 1743 4419 1931 4485; x_wconf 86' lang='lat' dir='ltr'>Brissonius</span> <span class='ocrx_word' id='word_1_367' title='bbox 1961 4419 2001 4483; x_wconf 93' lang='lat' dir='ltr'>de</span> <span class='ocrx_word' id='word_1_368' title='bbox 2033 4417 2096 4483; x_wconf 83' lang='lat' dir='ltr'>for·</span> 
     </span>
     <span class='ocr_line' id='line_1_32' title="bbox 312 4530 2097 4626; baseline 0.001 -28"><span class='ocrx_word' id='word_1_369' title='bbox 312 4533 409 4598; x_wconf 91' lang='lat' dir='ltr'>mulis</span> <span class='ocrx_word' id='word_1_370' title='bbox 430 4557 462 4620; x_wconf 89' lang='lat' dir='ltr'>p.</span> <span class='ocrx_word' id='word_1_371' title='bbox 485 4537 557 4598; x_wconf 81' lang='lat'>574.</span> <span class='ocrx_word' id='word_1_372' title='bbox 603 4531 678 4613; x_wconf 81' lang='lat' dir='ltr'>Qua</span> <span class='ocrx_word' id='word_1_373' title='bbox 700 4556 736 4598; x_wconf 89' lang='lat' dir='ltr'>re</span> <span class='ocrx_word' id='word_1_374' title='bbox 758 4530 837 4596; x_wconf 87' lang='lat' dir='ltr'>lieet</span> <span class='ocrx_word' id='word_1_375' title='bbox 858 4554 923 4596; x_wconf 90' lang='lat' dir='ltr'>non</span> <span class='ocrx_word' id='word_1_376' title='bbox 944 4533 979 4597; x_wconf 88' lang='lat' dir='ltr'>in</span> <span class='ocrx_word' id='word_1_377' title='bbox 1000 4545 1152 4623; x_wconf 88' lang='lat' dir='ltr'>promptu</span> <span class='ocrx_word' id='word_1_378' title='bbox 1172 4537 1215 4600; x_wconf 89' lang='lat' dir='ltr'>sit</span> <span class='ocrx_word' id='word_1_379' title='bbox 1243 4535 1371 4600; x_wconf 88' lang='lat' dir='ltr'>clientis</span> <span class='ocrx_word' id='word_1_380' title='bbox 1391 4535 1537 4622; x_wconf 89' lang='lat' dir='ltr'>adoptati</span> <span class='ocrx_word' id='word_1_381' title='bbox 1559 4537 1744 4626; x_wconf 89' lang='lat' dir='ltr'>exemplum</span> <span class='ocrx_word' id='word_1_382' title='bbox 1778 4537 1850 4624; x_wconf 92' lang='lat' dir='ltr'>(sed</span> <span class='ocrx_word' id='word_1_383' title='bbox 1879 4561 1937 4604; x_wconf 89' lang='lat' dir='ltr'>eur</span> <span class='ocrx_word' id='word_1_384' title='bbox 1962 4536 2097 4602; x_wconf 87' lang='lat' dir='ltr'>clientes</span> 
     </span>
     <span class='ocr_line' id='line_1_33' title="bbox 311 4650 2097 4744; baseline 0.002 -27"><span class='ocrx_word' id='word_1_385' title='bbox 311 4655 419 4718; x_wconf 91' lang='lat' dir='ltr'>minus</span> <span class='ocrx_word' id='word_1_386' title='bbox 442 4673 538 4740; x_wconf 86' lang='lat' dir='ltr'>quam</span> <span class='ocrx_word' id='word_1_387' title='bbox 563 4650 644 4718; x_wconf 87' lang='lat' dir='ltr'>alios</span> <span class='ocrx_word' id='word_1_388' title='bbox 668 4651 814 4738; x_wconf 88' lang='lat' dir='ltr'>adoptari</span> <span class='ocrx_word' id='word_1_389' title='bbox 836 4653 982 4738; x_wconf 91' lang='lat' dir='ltr'>potuisse</span> <span class='ocrx_word' id='word_1_390' title='bbox 1006 4655 1137 4718; x_wconf 90' lang='lat' dir='ltr'>credam</span> <span class='ocrx_word' id='word_1_391' title='bbox 1145 4655 1189 4741; x_wconf 72' lang='lat' dir='ltr'>i),</span> <span class='ocrx_word' id='word_1_392' title='bbox 1212 4653 1364 4718; x_wconf 84' lang='lat' dir='ltr'>Caesaris</span> <span class='ocrx_word' id='word_1_393' title='bbox 1392 4653 1493 4718; x_wconf 91' lang='lat' dir='ltr'>uerba</span> <span class='ocrx_word' id='word_1_394' title='bbox 1514 4656 1562 4720; x_wconf 90' lang='lat' dir='ltr'>ita</span> <span class='ocrx_word' id='word_1_395' title='bbox 1582 4679 1697 4744; x_wconf 88' lang='lat' dir='ltr'>reparo</span> <span class='ocrx_word' id='word_1_396' title='bbox 1726 4657 1940 4723; x_wconf 86' lang='lat' dir='ltr'>confidenter:</span> <span class='ocrx_word' id='word_1_397' title='bbox 1973 4655 2097 4721; x_wconf 89' lang='lat' dir='ltr'>aliter</span> 
     </span>
     <span class='ocr_line' id='line_1_34' title="bbox 312 4767 2096 4864; baseline 0 -27"><span class='ocrx_word' id='word_1_398' title='bbox 312 4773 372 4858; x_wconf 88' lang='lat' dir='ltr'>(se.</span> <span class='ocrx_word' id='word_1_399' title='bbox 395 4771 570 4859; x_wconf 89' lang='lat' dir='ltr'>plangit)</span> <span class='ocrx_word' id='word_1_400' title='bbox 602 4769 732 4836; x_wconf 88' lang='lat' dir='ltr'>eliens</span> <span class='ocrx_word' id='word_1_401' title='bbox 761 4767 1089 4836; x_wconf 84' lang='lat' dir='ltr'>ADOPTATVS.</span> <span class='ocrx_word' id='word_1_402' title='bbox 1133 4771 1247 4860; x_wconf 86' lang='lat' dir='ltr'>Neque</span> <span class='ocrx_word' id='word_1_403' title='bbox 1280 4794 1352 4836; x_wconf 89' lang='lat' dir='ltr'>eam</span> <span class='ocrx_word' id='word_1_404' title='bbox 1386 4785 1559 4860; x_wconf 83' lang='lat' dir='ltr'>corruptae</span> <span class='ocrx_word' id='word_1_405' title='bbox 1592 4777 1737 4860; x_wconf 90' lang='lat' dir='ltr'>grauiter</span> <span class='ocrx_word' id='word_1_406' title='bbox 1768 4775 1903 4864; x_wconf 79' lang='lat' dir='ltr'>uoculae</span> <span class='ocrx_word' id='word_1_407' title='bbox 1924 4772 2096 4840; x_wconf 88' lang='lat' dir='ltr'>medellam</span> 
     </span>
     <span class='ocr_line' id='line_1_35' title="bbox 311 4889 2097 4981; baseline 0 -25"><span class='ocrx_word' id='word_1_408' title='bbox 311 4903 377 4958; x_wconf 86' lang='lat' dir='ltr'>tam</span> <span class='ocrx_word' id='word_1_409' title='bbox 400 4890 577 4956; x_wconf 86' lang='lat' dir='ltr'>uiolentam</span> <span class='ocrx_word' id='word_1_410' title='bbox 600 4912 690 4971; x_wconf 88' lang='lat' dir='ltr'>esse,</span> <span class='ocrx_word' id='word_1_411' title='bbox 715 4911 811 4976; x_wconf 88' lang='lat' dir='ltr'>quam</span> <span class='ocrx_word' id='word_1_412' title='bbox 834 4889 985 4954; x_wconf 90' lang='lat' dir='ltr'>uideatur</span> <span class='ocrx_word' id='word_1_413' title='bbox 1017 4889 1131 4974; x_wconf 87' lang='lat' dir='ltr'>alicui,</span> <span class='ocrx_word' id='word_1_414' title='bbox 1165 4913 1276 4957; x_wconf 91' lang='lat' dir='ltr'>earum</span> <span class='ocrx_word' id='word_1_415' title='bbox 1309 4913 1416 4956; x_wconf 91' lang='lat' dir='ltr'>rerum</span> <span class='ocrx_word' id='word_1_416' title='bbox 1445 4894 1541 4980; x_wconf 86' lang='lat' dir='ltr'>periti</span> <span class='ocrx_word' id='word_1_417' title='bbox 1567 4895 1756 4959; x_wconf 87' lang='lat' dir='ltr'>concedent.</span> <span class='ocrx_word' id='word_1_418' title='bbox 1802 4894 1917 4981; x_wconf 91' lang='lat' dir='ltr'>ltaque</span> <span class='ocrx_word' id='word_1_419' title='bbox 1950 4894 2097 4958; x_wconf 89' lang='lat' dir='ltr'>adhibita</span> 
     </span>
     <span class='ocr_line' id='line_1_36' title="bbox 311 5007 1489 5100; baseline -0.002 -24"><span class='ocrx_word' id='word_1_420' title='bbox 311 5033 408 5100; x_wconf 90' lang='lat' dir='ltr'>quarn</span> <span class='ocrx_word' id='word_1_421' title='bbox 430 5011 585 5099; x_wconf 89' lang='lat' dir='ltr'>proposui</span> <span class='ocrx_word' id='word_1_422' title='bbox 615 5008 842 5073; x_wconf 88' lang='lat' dir='ltr'>emendatione</span> <span class='ocrx_word' id='word_1_423' title='bbox 864 5007 945 5072; x_wconf 88' lang='lat' dir='ltr'>haee</span> <span class='ocrx_word' id='word_1_424' title='bbox 974 5008 1074 5072; x_wconf 91' lang='lat' dir='ltr'>totius</span> <span class='ocrx_word' id='word_1_425' title='bbox 1094 5007 1157 5073; x_wconf 92' lang='lat' dir='ltr'>loei</span> <span class='ocrx_word' id='word_1_426' title='bbox 1177 5013 1302 5098; x_wconf 88' lang='lat' dir='ltr'>speeies</span> <span class='ocrx_word' id='word_1_427' title='bbox 1335 5012 1489 5097; x_wconf 89' lang='lat' dir='ltr'>emergit:</span> 
     </span>
    </p>
   </div>
   <div class='ocr_carea' id='block_1_6' title="bbox 307 5178 2096 5632">
    <p class='ocr_par' dir='ltr' id='par_1_6' title="bbox 307 5178 2096 5632">
     <span class='ocr_line' id='line_1_37' title="bbox 475 5178 2096 5270; baseline -0.001 -24"><span class='ocrx_word' id='word_1_428' title='bbox 475 5181 533 5246; x_wconf 92' lang='lat' dir='ltr'>De</span> <span class='ocrx_word' id='word_1_429' title='bbox 554 5181 699 5246; x_wconf 89' lang='lat' dir='ltr'>funere</span> <span class='ocrx_word' id='word_1_430' title='bbox 723 5193 856 5247; x_wconf 88' lang='lat' dir='ltr'>autem</span> <span class='ocrx_word' id='word_1_431' title='bbox 878 5178 1031 5248; x_wconf 89' lang='lat' dir='ltr'>NIHIL</span> <span class='ocrx_word' id='word_1_432' title='bbox 1053 5179 1309 5244; x_wconf 88' lang='lat' dir='ltr'>mandamus:</span> <span class='ocrx_word' id='word_1_433' title='bbox 1334 5181 1444 5246; x_wconf 87' lang='lat' dir='ltr'>sciat</span> <span class='ocrx_word' id='word_1_434' title='bbox 1464 5182 1627 5248; x_wconf 83' lang='lat' dir='ltr'>familia</span> <span class='ocrx_word' id='word_1_435' title='bbox 1648 5205 1763 5270; x_wconf 92' lang='lat' dir='ltr'>quem</span> <span class='ocrx_word' id='word_1_436' title='bbox 1788 5183 2096 5250; x_wconf 86' lang='lat' dir='ltr'>admodumDO-</span> 
     </span>
     <span class='ocr_line' id='line_1_38' title="bbox 310 5299 2096 5389; baseline 0.001 -23"><span class='ocrx_word' id='word_1_437' title='bbox 310 5300 489 5366; x_wconf 89' lang='lat' dir='ltr'>MINVM</span> <span class='ocrx_word' id='word_1_438' title='bbox 513 5299 670 5385; x_wconf 89' lang='lat' dir='ltr'>lugeat:</span> <span class='ocrx_word' id='word_1_439' title='bbox 704 5301 831 5366; x_wconf 87' lang='lat' dir='ltr'>aliter</span> <span class='ocrx_word' id='word_1_440' title='bbox 859 5299 1021 5389; x_wconf 87' lang='lat' dir='ltr'>plangit</span> <span class='ocrx_word' id='word_1_441' title='bbox 1050 5319 1194 5362; x_wconf 89' lang='lat' dir='ltr'>seruus</span> <span class='ocrx_word' id='word_1_442' title='bbox 1220 5301 1509 5383; x_wconf 88' lang='lat' dir='ltr'>manumissus,</span> <span class='ocrx_word' id='word_1_443' title='bbox 1544 5301 1670 5366; x_wconf 89' lang='lat' dir='ltr'>aliter</span> <span class='ocrx_word' id='word_1_444' title='bbox 1699 5301 1834 5368; x_wconf 91' lang='lat' dir='ltr'>eliens</span> <span class='ocrx_word' id='word_1_445' title='bbox 1864 5303 2096 5368; x_wconf 82' lang='lat' dir='ltr'><strong>ADOPTA-</strong></span> 
     </span>
     <span class='ocr_line' id='line_1_39' title="bbox 310 5417 2096 5510; baseline 0.002 -25"><span class='ocrx_word' id='word_1_446' title='bbox 310 5421 419 5504; x_wconf 86' lang='lat' dir='ltr'>TVS,</span> <span class='ocrx_word' id='word_1_447' title='bbox 443 5421 579 5486; x_wconf 88' lang='lat' dir='ltr'>aliter</span> <span class='ocrx_word' id='word_1_448' title='bbox 611 5420 767 5484; x_wconf 86' lang='lat' dir='ltr'>amicus</span> <span class='ocrx_word' id='word_1_449' title='bbox 796 5417 1013 5486; x_wconf 77' lang='lat' dir='ltr'>LEGATO</span> <span class='ocrx_word' id='word_1_450' title='bbox 1046 5417 1285 5482; x_wconf 90' lang='lat' dir='ltr'>honoratus.</span> <span class='ocrx_word' id='word_1_451' title='bbox 1336 5417 1654 5500; x_wconf 79' lang='lat' dir='ltr'>Quidineertas</span> <span class='ocrx_word' id='word_1_452' title='bbox 1687 5432 1726 5485; x_wconf 91' lang='lat' dir='ltr'>et</span> <span class='ocrx_word' id='word_1_453' title='bbox 1749 5445 1976 5510; x_wconf 90' lang='lat' dir='ltr'>suspensas</span> <span class='ocrx_word' id='word_1_454' title='bbox 2002 5445 2096 5489; x_wconf 85' lang='lat' dir='ltr'>exe-</span> 
     </span>
     <span class='ocr_line' id='line_1_40' title="bbox 307 5537 1944 5632; baseline -0.001 -24"><span class='ocrx_word' id='word_1_455' title='bbox 307 5545 424 5632; x_wconf 86' lang='lat' dir='ltr'>quias</span> <span class='ocrx_word' id='word_1_456' title='bbox 452 5542 568 5628; x_wconf 82' lang='lat' dir='ltr'>agis?</span> <span class='ocrx_word' id='word_1_457' title='bbox 592 5542 769 5605; x_wconf 90' lang='lat' dir='ltr'>omnium</span> <span class='ocrx_word' id='word_1_458' title='bbox 791 5541 1015 5604; x_wconf 88' lang='lat' dir='ltr'>animarum</span> <span class='ocrx_word' id='word_1_459' title='bbox 1039 5537 1178 5603; x_wconf 90' lang='lat' dir='ltr'>statim</span> <span class='ocrx_word' id='word_1_460' title='bbox 1201 5549 1289 5625; x_wconf 89' lang='lat' dir='ltr'>post</span> <span class='ocrx_word' id='word_1_461' title='bbox 1312 5548 1479 5604; x_wconf 88' lang='lat' dir='ltr'>mortem</span> <span class='ocrx_word' id='word_1_462' title='bbox 1505 5537 1722 5604; x_wconf 88' lang='lat' dir='ltr'>hereditas</span> <span class='ocrx_word' id='word_1_463' title='bbox 1744 5553 1944 5606; x_wconf 86' lang='lat' dir='ltr'>cernatur.</span> 
     </span>
    </p>
   </div>
   <div class='ocr_carea' id='block_1_7' title="bbox 0 0 2564 6599">
    <p class='ocr_par' dir='ltr' id='par_1_7' title="bbox 0 0 2564 6599">
     <span class='ocr_line' id='line_1_41' title="bbox 0 0 2564 6599; baseline 0 0"><span class='ocrx_word' id='word_1_464' title='bbox 0 0 2564 6599; x_wconf 95' lang='lat' dir='ltr'> </span> 
     </span>
    </p>
   </div>
  </div>
 </body>
</html>
