5120 6604
881 1863 886 1874 .
975 1765 1107 1870 CN.
1180 1769 1231 1870 N
1248 1767 1486 1868 AEVI

730 2024 810 2106 na
846 2023 1050 2106 annuo
1091 2023 1328 2108 PVNlCO
1366 2023 1722 2112 aaarovma

500 2491 660 2556 Comitem
681 2491 894 2578 gratulationi
913 2503 1044 2558 nostrae
1068 2493 1185 2558 Naeuii
1209 2493 1249 2558 de
1271 2493 1358 2559 bello
1377 2493 1501 2559 Punico
1528 2491 1721 2580 quantillum
1745 2499 1870 2578 partem
1891 2493 2117 2576 grammatico·

333 2635 404 2676 rum
431 2611 593 2674 industria
615 2609 657 2674 ab
684 2611 819 2674 interitu
848 2611 1031 2676 uindicauit
1058 2610 1193 2676 subieci.
1238 2611 1278 2677 In
1297 2635 1362 2700 qua
1385 2635 1483 2699 opera
1504 2633 1545 2676 ne
1572 2610 1645 2698 plus
1674 2609 1916 2697 expectaueris,
1942 2631 2040 2696 quam
2061 2621 2118 2673 aut

333 2729 494 2796 noluerim
518 2739 575 2794 aut
597 2728 735 2794 sortasse
758 2731 919 2816 potuerim
940 2741 1122 2817 praestare,
1145 2730 1206 2796 hoc
1226 2731 1311 2796 scias
1334 2753 1385 2796 me
1406 2733 1580 2818 praecipue
1603 2730 1728 2816 egisse,
1749 2739 1786 2792 ut
1813 2737 1845 2792 et
1867 2729 1988 2794 rectius
2007 2749 2117 2792 nume-

331 2870 388 2912 rus
413 2869 568 2912 uersuum
584 2849 855 2927 constitueretur,
878 2859 911 2912 et
930 2846 1059 2937 plenius
1080 2871 1119 2913 ac
1139 2849 1259 2916 certius
1280 2859 1348 2914 tam
1369 2850 1408 2916 de
1424 2850 1724 2935 grammaticorum,
1748 2847 1804 2934 qui
1829 2846 1946 2910 Naeuii
1966 2844 2118 2910 uersibus

330 2976 487 3045 utuntur,
511 2967 707 3031 testimoniis
729 2988 826 3055 quam
849 2967 889 3032 de
905 2967 1061 3032 librorum
1076 2968 1112 3032 in
1126 2967 1178 3032 his
1198 2965 1347 3055 reliquiis
1369 2969 1549 3055 scripturae
1571 2968 1729 3032 uarietate
1751 2975 1926 3032 constaret.
1972 2963 2116 3045 Quorum

331 3085 359 3148 si
382 3083 465 3147 illud
489 3083 585 3170 paulo
608 3084 738 3152 felicius
766 3109 863 3173 quam
892 3087 1033 3152 editores
1065 3088 1249 3173 superiores
1279 3087 1463 3152 instituisse
1487 3085 1640 3167 uidebor,
1665 3085 1726 3152 hoc
1752 3083 1844 3148 TVA
1871 3093 1941 3148 arte
1967 3083 2116 3148 ellectum

332 3213 399 3285 est,
426 3225 490 3289 qua
512 3200 707 3268 fluctuantes
728 3214 804 3270 ante
827 3204 867 3270 de
889 3205 1116 3271 Saturuiorum
1138 3217 1255 3270 natura
1277 3206 1455 3270 sententias
1475 3205 1611 3272 inuenta
1639 3227 1656 3268 e
1683 3213 1963 3268 monumentorum
1985 3201 2117 3266 indiciis

333 3343 447 3386 norma
469 3322 633 3385 constanti
657 3322 860 3388 stabiliuisti.
905 3323 946 3388 In
966 3346 1063 3412 quam
1084 3346 1229 3390 normam
1250 3347 1316 3390 non
1337 3325 1431 3409 coegi
1454 3323 1606 3411 equidem
1626 3325 1748 3388 inuitos
1777 3343 1893 3388 uersus
1916 3321 2115 3398 Naeuianos,

330 3439 389 3504 sed
407 3461 451 3504 an
470 3441 499 3503 ei
523 3463 557 3503 se
576 3439 755 3506 subderent
773 3465 833 3507 sua
861 3452 976 3530 sponte
1004 3441 1206 3530 periclitatus
1235 3465 1316 3506 sum.
1362 3441 1475 3529 Neque
1507 3443 1593 3507 enim
1620 3463 1659 3506 ea
1687 3443 1770 3507 ratio
1796 3441 1883 3506 inter
1910 3445 2117 3504 monumenta

330 3559 572 3644 scriptoresque
593 3567 700 3624 aetate
723 3583 880 3648 suppares
903 3560 1095 3642 intercedit,
1116 3571 1152 3626 ut
1172 3570 1303 3626 seruata
1322 3561 1358 3624 in
1377 3561 1567 3626 uniuersum
1587 3561 1717 3626 illorum
1732 3561 1916 3625 constantia
1933 3579 1998 3623 non
2020 3575 2116 3643 quae·

329 3677 405 3742 dam
427 3689 483 3741 aut
505 3699 627 3742 nouare
649 3688 705 3742 aut
727 3677 863 3744 liberius
888 3678 1008 3746 habere
1031 3680 1205 3767 scriptores
1224 3679 1399 3766 potuerint.
1445 3678 1574 3761 Quare
1597 3688 1711 3768 po'etae
1733 3700 1829 3742 usum
1856 3699 1898 3742 ex
1928 3677 2009 3764 ipsis
2041 3671 2115 3738 reli-

328 3797 414 3882 quiis
431 3796 613 3860 sciscitanti
627 3795 707 3860 mihi
729 3819 795 3862 non
811 3799 967 3881 occurrit,
988 3799 1045 3886 qui
1066 3798 1096 3862 ei
1117 3798 1242 3864 formae
1262 3796 1425 3863 obstinate
1440 3797 1677 3883 refragaretur,
1698 3795 1893 3862 uersiculos.
1939 3793 2042 3860 Immo
2061 3791 2116 3856 ad·

328 3915 439 3978 missis
462 3915 526 3994 eis,
549 3935 632 4000 quas
654 3913 730 3980 huic
751 3918 865 4000 generi
887 3917 1077 3984 concessisti
1096 3916 1254 3998 licentiis,
1278 3916 1416 4001 contigit
1438 3926 1474 3980 ut
1495 3915 1614 3982 bonam
1636 3925 1761 4003 partem
1781 3915 2009 4001 reliquiarum,
2033 3931 2115 3999 quas

329 4032 406 4098 olim
429 4031 563 4098 mutilos
589 4043 645 4098 aut
674 4035 780 4122 capite
803 4047 861 4101 aut
889 4035 954 4100 fine
981 4057 1097 4100 uorsus
1123 4035 1299 4118 haberent,
1327 4035 1471 4121 integros
1497 4035 1719 4099 restituerem:
1748 4033 1783 4098 in
1810 4055 1875 4120 quo
1905 4055 1972 4098 non
2000 4051 2116 4096 uereor

327 4153 507 4238 peritorum
533 4151 834 4240 reprehensionem,
865 4155 921 4242 qui
944 4155 1173 4240 grammaticos
1198 4153 1225 4216 si
1247 4175 1312 4220 non
1335 4175 1448 4218 omnes
1469 4163 1503 4218 at
1528 4151 1648 4217 multos
1670 4152 1824 4218 nouerint
1846 4150 1959 4239 plenos
1986 4149 2116 4236 saepius

328 4292 425 4358 quam
459 4270 646 4337 dimidiatos
677 4293 796 4338 uersus
825 4271 966 4337 adferre.
1009 4271 1124 4338 Altera
1155 4294 1273 4362 operae
1299 4295 1392 4338 meae
1422 4294 1499 4360 pars
1527 4273 1563 4336 in
1591 4269 1801 4336 adnotatione
1832 4269 1955 4358 duplici
1977 4275 2114 4346 constat,

328 4411 464 4475 quarum
481 4388 587 4472 illam,
608 4412 674 4478 qua
695 4389 797 4456 uerba
811 4392 1096 4476 grammaticorum
1118 4413 1215 4482 quam
1234 4391 1433 4478 plenissume
1455 4390 1647 4477 perscripsi,
1662 4387 1844 4454 industriae
1865 4409 1958 4453 meas
1976 4385 2115 4466 ascribo,

328 4529 393 4592 qua
415 4530 480 4572 non
503 4507 682 4572 detrectaui
703 4508 884 4574 molestiam
903 4509 1022 4574 totiens
1044 4509 1330 4596 grammaticorum
1351 4508 1519 4574 uolumina
1540 4509 1581 4573 de
1600 4508 1651 4574 his
1673 4507 1821 4596 reliquiis
1841 4505 2032 4572 euoluendi:
2054 4505 2115 4568 cri-

327 4628 430 4692 ticum
452 4639 561 4692 autem
582 4639 775 4715 apparatum
796 4628 965 4715 inprimis
990 4626 1184 4716 locupletem
1206 4625 1364 4693 exhibere
1388 4629 1595 4714 egregiorum
1616 4629 1761 4694 uirorum
1788 4626 1954 4694 Hertaii
1983 4621 2114 4688 Keilii

327 4743 592 4811 Fleckeiseni
614 4747 725 4812 nescio
746 4755 855 4810 utrum
876 4746 953 4814 TVI
981 4745 1125 4812 studium
1153 4768 1198 4810 an
1218 4747 1282 4810 mei
1310 4746 1567 4812 beniuolentiam
1595 4747 1703 4834 potius
1733 4745 1839 4810 dicam
1866 4743 2025 4834 permisit.
2070 4741 2115 4806 At

325 4853 474 4947 tertium,
496 4863 583 4952 quod
597 4865 668 4929 iure
687 4864 769 4930 solet
783 4865 825 4930 ab
848 4887 903 4948 eo,
926 4865 982 4952 qui
1003 4863 1164 4953 deperditi
1184 4873 1299 4952 potitae
1319 4865 1476 4954 reliquias
1495 4865 1579 4948 edit,
1601 4865 1785 4953 expectari,
1806 4876 1843 4930 nt
1865 4859 2116 4948 efragrninibus
2185 4867 2189 4874 '

328 4985 469 5071 speciem
492 4981 655 5070 quandam
679 4983 798 5069 integri
820 4985 975 5050 carminis
997 4981 1186 5068 adumbret,
1209 4983 1401 5072 prohibente
1430 4995 1463 5050 et
1484 4984 1742 5071 fragmentorum
1765 4983 1951 5050 conditione
1974 4987 2006 5046 et
2034 4987 2113 5044 tem-

326 5124 402 5188 poro
426 5103 599 5188 animoque
622 5123 710 5166 nunc
737 5125 802 5170 non
830 5103 1040 5192 pertrectaui.
1085 5101 1218 5168 Etenim
1240 5125 1313 5168 cum
1342 5111 1375 5168 et
1395 5103 1623 5190 paucissumae
1646 5101 1806 5190 reliquiae
1832 5103 1898 5166 sint
1925 5123 1942 5165 e
1971 5098 2114 5164 carmine

327 5241 393 5284 non
415 5220 462 5284 ita
484 5231 624 5306 angusto
644 5231 677 5284 et
696 5230 762 5285 tam
785 5221 938 5306 ambiguo
961 5220 1136 5310 pleraeque
1159 5243 1258 5286 sensu
1278 5231 1315 5286 ut
1339 5219 1541 5308 Oedipodem
1564 5221 1628 5286 sibi
1649 5222 1816 5309 requirere
1835 5219 2022 5300 uideantur,
2046 5227 2115 5280 tum

327 5337 368 5402 ds
393 5339 479 5403 notis
499 5337 672 5418 librorum,
697 5337 784 5409 unde
802 5339 963 5427 proficisci
985 5339 1084 5405 debet
1104 5341 1161 5427 qui
1183 5350 1277 5406 caute
1300 5363 1365 5406 non
1387 5349 1509 5405 temere
1530 5362 1600 5405 rem
1625 5363 1723 5426 agore
1745 5341 1850 5427 cupit,
1873 5341 1992 5404 mirum
2015 5357 2115 5423 quan-

325 5469 394 5520 tum
415 5455 497 5521 fides
520 5457 803 5543 grammaticorum
827 5481 886 5524 nos
909 5458 1068 5522 destituit.
1128 5457 1214 5522 Nam
1238 5479 1311 5523 cum
1334 5479 1355 5523 a
1379 5459 1601 5545 grammaticis
1623 5459 1658 5523 in
1683 5457 1823 5546 primum
1843 5456 1963 5522 librum
1985 5455 2029 5520 Μ’
2050 5453 2114 5518 Va·
2204 5523 2207 5530 ,

329 5575 430 5640 lerius
454 5575 583 5658 consul,
606 5577 790 5646 intertium
814 5577 974 5642 inferatur
991 5577 1174 5655 Anchises,
1198 5577 1240 5642 ad
1270 5577 1449 5643 secundum
1472 5577 1561 5645 Dido
1590 5577 1755 5665 relegetur
1762 5627 1770 5660 ,
1798 5587 1912 5644 contra
1933 5575 2115 5662 Prochytae
