5120 6604
1202 665 1560 728 ..mg-„-

648 844 687 908 In
710 845 815 910 triade
841 846 1103 911 emendationum
1134 869 1219 912 nuuc
1242 848 1391 913 desinere
1412 849 1545 938 placuit.
1615 849 1728 936 ltaque
1766 845 1894 912 Vellei
1927 847 2135 912 Paterculi
2168 848 2274 913 locum

481 964 618 1048 ascripsi
644 961 694 1048 (Il
716 964 784 1050 28),
809 985 905 1051 quem
927 965 1033 1029 codex
1054 964 1151 1030 ualde
1173 977 1359 1053 corruptum
1381 967 1532 1033 tradidit:

688 1081 816 1148 Primus
839 1082 893 1148 ille
916 1095 949 1146 et
971 1085 1095 1148 utinam
1122 1082 1258 1149 ultimus
1281 1085 1464 1173 exemplum
1486 1087 1734 1174 proscriptionis
1757 1087 1903 1166 inuenit,
1930 1088 2024 1148 utin
2047 1105 2111 1172 qua
2138 1087 2273 1149 ciuitate

686 1201 863 1286 petulantis
893 1202 1032 1267 conuieii
1060 1203 1216 1268 iudicium
1238 1203 1444 1268 historiarum
1472 1206 1556 1289 (siue
1578 1203 1883 1288 historiarium)
1904 1223 1947 1266 ex
1965 1199 2031 1267 alto
2053 1201 2215 1284 redditur,
2238 1206 2272 1267 in

690 1341 728 1381 ea
748 1318 885 1404 iugulati
906 1321 988 1384 ciuis
1011 1322 1092 1408 reip.
1115 1323 1368 1387 constitueretur
1386 1332 1675 1388 auctoramentum.

482 1439 618 1500 Sensum
653 1439 821 1523 scriptoris
858 1437 991 1524 elegans
1025 1437 1080 1503 ille
1114 1450 1146 1504 et
1180 1440 1370 1525 ingeniosus
1399 1440 1505 1506 Vellei
1533 1442 1739 1522 emendator,
1769 1439 1882 1503 Dauid
1910 1437 2144 1522 Ruhnkenius,
2175 1441 2270 1506 uele

479 1555 630 1619 sordibus
660 1555 821 1642 dispexit:
855 1567 958 1643 ‘quae
990 1561 1108 1624 ciuitas
1140 1561 1229 1623 ciues
1260 1581 1336 1624 suos
1360 1569 1453 1624 tanto
1480 1581 1559 1624 cura
1587 1559 1764 1624 defendere
1793 1557 1936 1639 solebat,
1969 1567 2005 1620 ut
2036 1559 2134 1622 etiarn
2158 1581 2267 1645 perso-

480 1695 542 1736 nae
563 1674 690 1750 infami,
714 1672 882 1758 histrioni,
911 1677 1071 1742 aduersus
1097 1698 1170 1742 eum
1196 1699 1215 1740 a
1238 1699 1302 1764 quo
1325 1679 1510 1764 petulanter
1532 1687 1669 1742 exactus
1689 1687 1794 1760 esset,
1820 1675 1940 1762 agendi
1962 1685 2158 1762 potestatem
2182 1679 2267 1776 face-

479 1805 544 1869 ret,
566 1815 605 1854 ea
628 1795 693 1856 iam
717 1815 926 1879 percussores
949 1798 1104 1883 praemiis
1124 1795 1301 1883 propositis
1324 1797 1367 1860 ad
1389 1797 1480 1862 ciues
1499 1796 1697 1883 iugulandos
1717 1793 1906 1860 inuitabat?
1951 1793 2012 1858 Oui
2037 1793 2119 1859 illud
2140 1817 2267 1883 quoque

478 1913 629 1992 debetur,
669 1912 757 1998 quod
792 1933 850 1999 pro
885 1913 935 1977 his
977 1917 1087 1979 ciuis
1115 1915 1211 2002 reip.
1242 1935 1328 1978 nunc
1360 1915 1469 1980 ciuis
1497 1915 1666 1980 Romani
1693 1913 1828 2002 legitur:
1864 1935 1937 1978 cum
1966 1912 2134 1978 Puteanus
2157 1917 2264 1979 ciuis
2377 1953 2389 1976 .

478 2033 648 2096 Romani
671 2030 840 2117 publice
863 2033 1033 2118 praeisset.
1075 2033 1251 2122 Superiora
1273 2032 1329 2097 illa
1351 2031 1621 2098 historiarum
1642 2055 1690 2097 ex
1714 2034 1799 2098 alto
1821 2035 1945 2122 primus
1967 2034 2140 2118 temptauit
2162 2034 2267 2098 editor

368 2228 370 2233 ³
480 2150 677 2214 Basileensis
700 2151 747 2213 ita
768 2150 995 2215 rescribendo:
1018 2149 1221 2218 histrioni
1250 2149 1431 2216 exoleto:
1461 2151 1502 2216 de
1530 2152 1650 2240 quibus
1679 2174 1814 2240 prorsus
1837 2173 1945 2215 meum
1966 2151 2052 2214 facio
2075 2151 2264 2218 Ruhnkeuii

477 2269 652 2332 iudicium:
690 2269 830 2355 ‘optime
859 2269 1070 2354 histrioni,
1095 2272 1235 2358 pessime
1266 2270 1460 2336 exoleto.'
1520 2271 1586 2337 Sed
1620 2273 1649 2336 is
1685 2291 1802 2336 uereor
1840 2277 1877 2332 ut
1911 2291 2066 2358 prospere
2096 2270 2263 2352 diuinarit,

477 2411 549 2451 curn
579 2399 723 2452 exacto
752 2399 889 2476 reponat
917 2409 975 2474 pro
1004 2411 1051 2453 ex
1077 2389 1169 2454 alto.
1213 2388 1318 2454 Vsum
1336 2389 1467 2477 quidem
1490 2391 1583 2456 uerbi
1603 2389 1762 2476 eleganti,
1796 2398 1833 2452 ut
1867 2389 2011 2472 adsolet,
2042 2390 2263 2476 exemplorum

476 2507 606 2572 delectu
628 2507 831 2571 inlustrauit:
852 2531 890 2570 ac
910 2508 1150 2574 subscriberem
1168 2513 1386 2591 coniecturae,
1406 2511 1469 2574 nisi
1492 2511 1667 2575 admodum
1690 2510 1793 2574 otiose
1815 2529 1854 2571 ea
1875 2527 1942 2572 uox
1953 2505 2066 2572 addita
2087 2509 2265 2574 uideretur.

385 2611 390 2619 ’
476 2625 589 2712 Neque
609 2647 687 2690 uero
711 2625 915 2691 desideratur
934 2629 1109 2715 quicquam
1131 2649 1195 2715 quo
1218 2627 1332 2692 histrio
1354 2628 1743 2714 significeturdefinitius.
1788 2627 1833 2691 At
1854 2647 1928 2690 cum
1947 2624 1983 2690 id
2002 2637 2081 2711 agat
2102 2626 2262 2711 Velleius,

476 2757 511 2807 ut
536 2745 650 2808 infami
681 2765 840 2830 personae
865 2747 970 2810 ciuem
1000 2747 1182 2811 Romanurn
1205 2758 1365 2833 opponat,
1389 2769 1452 2834 quo
1470 2749 1628 2812 infamiae
1646 2749 1735 2811 notio
1757 2747 1792 2809 in
1813 2746 1928 2832 primis
1953 2757 2126 2831 urgeatur,
2157 2750 2262 2834 potuit

475 2861 612 2927 alterum
648 2863 793 2927 eiusdem
825 2865 957 2948 generis
991 2865 1154 2930 hominem
1174 2863 1324 2929 histrioni
1347 2869 1381 2930 in
1411 2869 1599 2931 societatem
1622 2863 1810 2950 adiungere.
1856 2862 1918 2928 Oui
1944 2867 2126 2928 sententiae
2146 2865 2261 2930 fauent

477 2985 619 3048 niaxime
639 2984 820 3048 litterarum
843 2985 969 3071 apices,
993 2983 1150 3072 equibus
1173 2983 1238 3046 ΕΤ
1260 2981 1565 3050 SALTATORI
1585 2983 1776 3050 redditur
1798 2982 1903 3046 elicio.

639 3099 778 3166 Tantum
806 3113 870 3166 est:
896 3124 935 3166 ac
957 3103 985 3166 si
1006 3105 1040 3168 in
1078 3103 1130 3168 his
1160 3103 1221 3166 erit
1249 3105 1336 3190 quod
1363 3105 1488 3170 calculo
1514 3103 1604 3169 TVO
1633 3103 1839 3192 probaueriS,
1868 3101 2031 3166 laetabor:
2067 3105 2118 3168 sin
2145 3107 2262 3172 minus.

476 3235 588 3304 gratus
612 3219 737 3283 TVAM
760 3223 921 3307 accipiam
943 3221 1237 3309 reprehensionem.
