5120 6604
1026 703 1404 762 m1p..-..

1010 881 1039 946 E
1062 882 1198 949 LIBRO
1219 882 1427 949 SEPTVMO

1191 1043 1210 1118 Ι
1218 1043 1237 1085 l&

487 1167 635 1252 Gellius
661 1175 774 1250 XVII
799 1178 864 1271 21,
888 1180 936 1250 45
965 1184 1084 1252 ‘anno
1111 1177 1248 1253 deinde
1274 1189 1364 1278 post
1388 1178 1548 1254 Romam
1577 1177 1770 1254 conditam
1800 1179 2103 1279 quingentesimo

318 1315 604 1392 undeuicesimo
623 1371 630 1388 .
649 1369 657 1387 .
677 1369 684 1385 .
711 1311 919 1411 eodemque
944 1340 1044 1390 auno
1063 1313 1131 1390 On.
1151 1315 1319 1390 Naeuius
1347 1324 1461 1415 poe'ta
1476 1315 1632 1412 ¹fabulas
1658 1314 1761 1416 apud
1779 1316 1964 1416 populum
1991 1317 2104 1411 dedit,

172 1427 175 1434 ι
214 1433 220 1444 ”
319 1481 431 1554 quem
456 1454 505 1527 M.
523 1452 648 1526 Varro
669 1451 710 1525 in
734 1448 842 1524 libris
862 1449 908 1524 de
932 1451 1056 1550 po'e'tis
1077 1452 1199 1554 primo
1221 1451 1410 1551 stipendia
1430 1454 1566 1530 fecisse
1587 1453 1640 1528 ait
1659 1452 1762 1528 bello
1781 1455 1948 1530 Poenico
1969 1455 2104 1556 primo,

318 1593 431 1691 idque
450 1591 576 1691 ipsum
600 1588 788 1664 Naeuium
810 1587 935 1662 dicere
958 1589 998 1662 in
1026 1616 1071 1663 eo
1097 1589 1281 1684 carmine,
1304 1591 1407 1690 quod
1431 1591 1478 1665 de
1503 1590 1636 1666 eodem
1661 1590 1763 1666 bello
1788 1592 1963 1692 scripsit!

574 1862 620 1936 Id
647 1831 796 1962 qubilue
817 1865 1017 1964 paciscunt
1040 1861 1300 1937 moenia-sint
1325 1864 1519 1941 Lutatium
1546 1892 1643 1965 quae

575 1999 853 2076 Recbncilient:
882 1997 1273 2100 captiuos-plurimba
1301 1999 1402 2075 idem

486 2152 525 2212 55
578 2135 797 2213 Sicilienses
825 2136 1174 2238 paciscit·bbsidbs
1200 2147 1243 2211 ut
1269 2138 1442 2214 reddant.

976 2371 1040 2436 EX
1061 2371 1273 2437 INOERTIS
1296 2373 1445 2440 LIBRIS

1200 2529 1218 2602 1

972 2697 986 2708 -
1018 2653 1163 2729 stimme
1189 2654 1300 2729 desim
1325 2657 1504 2754 regnator

577 2785 765 2877 Quianbm
795 2789 960 2887 genuisti
993 2794 1047 2863 .'.
1080 2834 1094 2846 ·

572 3043 825 3144 Magnbmque
850 3044 1004 3121 domum
1029 2927 1305 3146 decorbniilue·
1321 3048 1436 3123 ditem
1460 3049 1653 3125 uexerant.

1169 3185 1257 3258 ΙΠ*

1050 3304 1391 3404 conferre-queant
1410 3315 1529 3378 ratem
1550 3306 1717 3378 aeratam
1737 3303 1802 3403 qui

483 3451 523 3512 60
576 3436 649 3511 Per
671 3436 856 3535 liquidum
878 3441 981 3514 mbae
1004 3441 1328 3540 sudantes-atque
1352 3441 1441 3515 eiint
1463 3440 1647 3516 sedentes.

479 3659 650 3710 Lma1v11
690 3659 719 3710 11
737 3659 840 3710 Nonius
865 3677 891 3726 p.
919 3663 985 3724 474,
1004 3663 1262 3729 lb‘paciscuut.
1288 3663 1409 3715 Naeuius
1429 3662 1493 3712 belli
1512 3664 1623 3714 Poenici
1639 3663 1687 3715 lib.
1706 3662 1773 3715 VH:
1801 3661 1828 3710 id
1853 3665 1969 3726 quoque’
1990 3675 2013 3709 a.
2033 3676 2059 3725 q.
2079 3677 2100 3709 s.

316 3749 456 3812 (Neuius
475 3747 558 3798 belli
576 3746 698 3798 Punici
716 3747 823 3813 Bamh.)
853 3749 895 3798 Da
913 3765 980 3814 pace
999 3765 1045 3815 per
1063 3752 1203 3802 Lutatium
1223 3753 1297 3802 iacta
1314 3751 1369 3802 dici
1387 3755 1508 3816 apertum

479 3835 528 3884 EX
544 3832 714 3884 molamus
733 3835 853 3886 LIBRIS
905 3835 919 3885 I
942 3836 1041 3886 Festus
1065 3853 1091 3902 p.
1117 3839 1167 3889 257
1191 3839 1229 3889 Μ.
1255 3837 1430 3904 ‘quianam
1454 3851 1502 3900 pro
1520 3852 1603 3902 quara
1628 3841 1655 3886 et
1673 3851 1720 3886 cur
1738 3836 1855 3902 positum
1876 3839 1917 3883 eat
1941 3832 2012 3900 apud
2031 3834 2100 3883 anti-

314 3939 381 3990 quos
401 3928 431 3972 ut
453 3919 587 3973 Naeuium
609 3921 637 3969 in
654 3919 773 3970 carmine
790 3921 886 3972 Punici
903 3921 981 3971 belli:
1008 3930 1121 3976 summe’
1141 3940 1165 3976 e.
1181 3941 1208 3990 q.
1228 3941 1249 3976 s.
1362 3922 1391 3974 11
1409 3922 1566 3973 Priscianus
1589 3921 1628 3972 VI
1646 3938 1672 3988 p.
1692 3922 1744 3974 699
1768 3923 1799 3974 Ρ.
1825 3920 1919 3986 (1250
1936 3919 1996 3986 Kr.)
2016 3920 2102 3970 ‘iuue-

317 4011 391 4060 nitur
420 4014 512 4060 tamen
544 4007 627 4057 etiam
658 4006 772 4072 simplex
801 4007 903 4058 dacor
930 4006 1065 4063 decoris
1096 4011 1246 4076 penultima
1276 4015 1400 4075 coneptu
1429 4008 1502 4074 apud
1531 4009 1746 4071 uetustissimos,
1776 4008 1883 4074 quando
1910 4022 1958 4071 pro
1988 4006 2101 4057 decorus

314 4096 412 4146 decora
440 4095 566 4144 decorum
596 4095 736 4159 accipitur.
779 4095 899 4144 Naeuius
931 4094 959 4144 in
986 4097 1105 4146 earmina
1131 4097 1196 4148 belli
1225 4095 1334 4147 Punici:
1364 4109 1585 4160 magnamque
1609 4131 1616 4144 .
1642 4131 1648 4144 .
1677 4131 1683 4145 .
1713 4102 1895 4156 uexarent3
1923 4095 2003 4145 aliter
2031 4096 2102 4146 enim

315 4183 420 4232 iambus
444 4187 518 4231 stare
540 4197 594 4231 non
618 4185 729 4246 potest'
753 4181 994 4248 ‘Lexicographus
1017 4181 1107 4233 Vatic.
1130 4181 1173 4249 (Α.
1199 4183 1255 4232 Mai
1282 4187 1357 4234 auct.
1387 4181 1468 4233 class.
1498 4181 1565 4231 VIII
1595 4181 1655 4248 165)
1686 4183 1762 4232 ‘item
1788 4198 1805 4233 a
1834 4183 1917 4234 uerbo
1950 4181 2028 4232 decet
2057 4182 2101 4232 hie

317 4269 416 4318 dacor
458 4268 509 4330 ris,
528 4267 699 4333 quodetiam
718 4269 866 4319 communis
885 4267 991 4334 generis
1009 4267 1161 4320 inuenitur:
1180 4270 1251 4320 unde
1266 4269 1399 4321 Naeuius:
1419 4271 1607 4334 magnamque’
1628 4283 1652 4318 e.
1673 4285 1698 4334 q.
1717 4285 1744 4330 s.
1851 4269 1996 4319 111vm0
2014 4267 2047 4318 de
2066 4269 2098 4318 L.

315 4355 347 4404 L.
367 4354 420 4404 VH
438 4354 471 4406 23
490 4353 528 4402 M.
549 4354 652 4403 ‘ratis
673 4353 752 4404 nauis
774 4356 869 4421 longas
885 4354 968 4417 dixit,
991 4361 1022 4406 ut
1045 4357 1164 4406 Naeuius
1188 4372 1268 4423 quom
1293 4356 1347 4406 ait:
1371 4356 1509 4406 couferra’
1535 4371 1558 4405 e.
1585 4370 1611 4420 q.
1636 4369 1658 4405 a.
1695 4357 1798 4406 ‘ratis
1822 4356 1896 4406 dicta
1920 4356 1998 4405 nauis
2019 4355 2101 4418 longa

316 4445 425 4506 propter
442 4445 551 4491 remos)
588 4440 748 4508 Naeuius]
766 4442 895 4493 Ennius
914 4440 974 4492 edd.
993 4446 1046 4492 uat.
1083 4442 1197 4496 Videtur
1214 4445 1249 4494 ad
1266 4443 1372 4494 iuitium
1389 4442 1454 4494 belli
1467 4439 1638 4492 referendum

479 4681 519 4742 53
538 4686 698 4765 paciscunt
718 4685 838 4743 moenia
860 4688 998 4744 editiones.
1019 4686 1179 4765 paciscunt
1200 4686 1356 4746 armoenia
1377 4689 1448 4744 libri.
1475 4685 1634 4765 paciscunt
1660 4693 1694 4743 ut
1721 4683 1841 4742 moenia
1870 4684 2015 4740 Mercerus

314 4789 372 4846 sint
400 4787 460 4866 (siu
483 4791 596 4856 Bamb.)
623 4807 702 4867 quae
726 4785 881 4844 Lutatium
902 4789 972 4844 libri.
1000 4787 1096 4846 assint
1122 4809 1202 4869 quae
1230 4789 1398 4861 Lutatium,
1429 4797 1458 4846 ul
1485 4789 1537 4845 boc
1563 4803 1661 4844 nomeu
1689 4789 1788 4844 ultimi's
1813 4787 1925 4860 syllabis
1953 4789 2101 4842 contractis

309 4894 519 4962 pronitatietur.
542 4891 723 4946 Hermanuas
809 4886 848 4946 54
869 4888 1068 4948 reconcilient
1090 4893 1277 4950 Herntauuus.
1299 4889 1499 4950 reconciliant
1521 4890 1585 4945 libri
1688 4885 1769 4946 idem
1792 4894 1980 4960 compunctum
2001 4891 2028 4944 iu
2057 4889 2101 4957 W,

313 4989 542 5048 subtermeat.
569 4989 668 5048 eidem
693 4993 873 5048 Hei-maanus
958 4989 998 5049 56
1026 5009 1067 5066 sq.
1104 4995 1206 5052 Versus
1233 4995 1367 5066 disposuit
1395 4993 1519 5066 Scaliper
1610 4989 1649 5048 57
1680 4987 1812 5066 genuisti
1840 4989 1972 5062 Scullper.
2003 5008 2099 5066 genus

312 5093 362 5150 isti
389 5095 448 5150 cad.
550 5089 589 5150 58
610 5097 786 5168 magnaml⁰⁸
807 5095 893 5168 Lupa.
914 5093 1041 5151 Karalis.
1063 5113 1097 5151 m.
1121 5097 1168 5153 alt.
1194 5112 1303 5171 magna
1322 5111 1400 5172 quae
1424 5095 1492 5150 Par.
1515 5111 1551 5148 m.
1569 5111 1627 5164 pr„
1650 5108 1724 5148 corr.
1747 5094 1795 5148 att.
1816 5109 1955 5168 magnam
1976 5091 2100 5166 Saupall.

313 5197 438 5251 Karalir.
465 5213 499 5250 ιιι.
522 5213 570 5266 pr.
596 5194 686 5250 Prisc.
773 5202 925 5252 uexerant
951 5199 979 5252 iu
1002 5205 1153 5254 uexerant
1181 5205 1247 5253 mut.
1274 5197 1414 5253 Halberst.
1440 5201 1592 5252 uexerant
1614 5194 1730 5265 ‘plures
1758 5193 1833 5250 libri’
1867 5193 1955 5251 Prisc.
1983 5193 2099 5249 Kreblii.

311 5302 462 5353 uexerant
484 5299 572 5369 sallao.
605 5293 734 5354 duxerat
754 5298 899 5370 Lexicoyr.
928 5299 1013 5355 Vatic.
1100 5295 1140 5356 59
1161 5297 1299 5356 conferre
1320 5307 1434 5376 queant
1455 5296 1576 5352 Tumebi
1591 5296 1651 5352 cod.
1675 5293 1876 5374 conferreque
1899 5303 1952 5352 aut
1970 5295 2034 5351 libri
2052 5311 2098 5350 re-

313 5400 384 5454 licui.
407 5397 446 5470 cf.
471 5399 502 5452 0.
520 5397 671 5455 Muellerus
689 5399 758 5455 Atta.
776 5400 815 5455 ad
839 5399 922 5456 Varr.
942 5417 974 5471 p.
996 5396 1057 5458 303
1143 5397 1184 5459 60
1208 5397 1432 5478 perliquidum
1455 5399 1596 5471 scalper,
1618 5401 1666 5472 qui
1684 5401 1839 5471 ceteroquin
1860 5415 1960 5470 mapuu
1981 5398 2099 5452 aicaacia

317 5500 413 5568 linuit,
436 5515 514 5571 quem
540 5503 720 5573 opinabatur,
741 5503 918 5558 hexametros
939 5501 1006 5557 duos
1028 5503 1186 5573 exsculpsit.
1208 5499 1288 5578 perit
1309 5497 1402 5579 (parit
1425 5501 1492 5557 Par.
1520 5502 1550 5569 b)
1572 5507 1602 5558 et
1622 5508 1687 5570 (am.
1711 5501 1780 5556 Par.
1802 5505 1834 5566 a)
1857 5497 1908 5577 qui
1931 5496 2001 5555 dum
2021 5499 2099 5555 codd.

400 5609 492 5679 atque
515 5609 586 5659 eunt
606 5603 636 5660 0.
654 5603 811 5660 Muellerus.
836 5609 908 5661 eunt
935 5610 1027 5681 atque
1048 5603 1111 5659 libri
1195 5599 1336 5660 sedentes
1358 5604 1496 5659 editiones.
1520 5599 1664 5662 sedantes
1685 5603 1770 5743 cada&
1790 5617 1882 5659 omues
