5120 6604
639 2814 1149 2939 FRIDERIOO
1208 2813 1756 2936 RITSOHELIO
1894 2939 1897 2946 ,

936 3105 1463 3204 ronrnnsnnnnrrs
1597 3103 1600 3110 ·

1114 3385 1294 3436 SALVTEM.
1408 3379 1410 3384 ’

477 3877 833 4007 Adulescentum
862 3923 1160 4034 philologorum
1190 3927 1374 4020 societas,
1412 3952 1515 4032 quae
1553 3933 1596 4006 et
1628 3931 1723 4006 nota
1751 3921 1874 4004 TVIS
1904 3925 2089 4032 auspiciis

312 4136 355 4206 et
383 4127 521 4208 fauore
551 4127 662 4208 TVO
692 4137 810 4210 aucta
841 4129 1007 4210 Bonnae
1037 4128 1231 4220 effloruit,
1268 4153 1335 4208 me
1364 4125 1496 4208 uoluit
1519 4125 1629 4206 hunc
1658 4123 1768 4206 diem
1796 4124 1967 4220 festum,
2008 4152 2089 4238 quo

312 4325 585 4410 DOCTORIS
624 4328 795 4436 gradum
833 4337 928 4411 ante
968 4328 1068 4412 haec
1096 4327 1134 4407 V
1165 4327 1292 4410 lustra
1330 4327 1459 4419 inisti,
1500 4325 1625 4434 ipsius
1662 4324 1827 4406 nomine
1856 4322 1967 4404 TIBI
1997 4350 2089 4405 con·

239 4515 245 4522 ¹
311 4530 514 4637 gratulari.
573 4531 695 4614 Nefas
723 4531 832 4612 enim
866 4531 1011 4613 facturi
1041 4541 1084 4613 et
1112 4532 1226 4614 nobis
1255 4541 1298 4614 et
1328 4531 1471 4613 ceteris
1500 4526 1750 4620 uideremur,
1791 4527 1823 4606 si
1855 4525 1986 4619 ΊῚΒΙ,
2026 4527 2092 4608 oui

307 4741 393 4812 tam
418 4732 585 4840 insignis
611 4731 909 4815 beniuolentiae
924 4735 1120 4816 uarietate
1135 4667 1318 4815 obstricti
1339 4732 1485 4826 simus,
1508 4729 1674 4812 hoodie
1697 4727 1877 4812 defuturi
1900 4757 2089 4812 essemus,

311 4933 443 5016 Immo
481 4933 708 5016 desiderata
744 4936 859 5016 nobis
889 4963 937 5018 ea
967 4936 1247 5045 opportunitas
1275 4937 1407 5029 uenit,
1445 4963 1524 5041 qua
1559 4936 1680 5017 liceat
1708 4932 1924 5040 aliquando
1961 4934 2003 5013 in
2035 4935 2091 5013 in-

311 5140 460 5220 teriore
498 5139 621 5220 animi
656 5163 817 5220 recessu
845 5139 951 5221 fotos
985 5166 1032 5220 ac
1066 5139 1297 5222 reconditos
1332 5141 1460 5222 nostri
1497 5141 1541 5223 in
1570 5141 1641 5221 ΤΕ
1672 5141 1818 5222 amoris
1853 5150 1896 5222 et
1926 5165 2090 5222 uenera-

312 5341 434 5423 tionis
465 5369 605 5424 sensus
626 5344 926 5426 sincerissumos
950 5343 1197 5453 depromere.
1257 5345 1422 5428 Etenim
1454 5345 1532 5426 hoc
1555 5345 1629 5425 sibi
1654 5346 1778 5426 sumit
1801 5342 2091 5452 discipulorum

310 5547 457 5655 pietas,
508 5555 556 5627 ut
596 5547 720 5626 etiam
750 5548 801 5628 ab
830 5547 916 5629 aliis
954 5550 1116 5656 agnosci
1144 5549 1262 5643 uelit,
1302 5549 1444 5655 quanti
1481 5549 1619 5630 eximii
1656 5549 1926 5657 praeceptoris
1967 5546 2019 5630 de
2052 5575 2094 5629 se
