5120 6604
726 1005 774 1078 El
795 1010 899 1080 uenit
919 1008 958 1080 in
977 1010 1368 1085 mentem-hominum
1386 1009 1558 1086 fdrtdnas

1328 1165 1390 1239 V*

1206 1344 1220 1355 -
1244 1305 1263 1374 .'
1284 1302 1482 1376 amborum
1500 1303 1637 1374 uxdres

726 1433 851 1506 Noctri
873 1433 1017 1507 Troiad
1038 1435 1413 1538 exibant-capitibus
1438 1439 1579 1538 opertis

728 1567 882 1644 Flentes
903 1571 1038 1645 ambae
1057 1572 1441 1650 abeuntes-lacrimis
1463 1577 1547 1650 crim
1568 1574 1697 1649 mdltis

1336 1728 1392 1803 VI

641 1869 675 1928 10
727 1857 871 1965 Eorum
894 1862 1034 1934 sectam
1053 1863 1369 1938 secuntur-mrilti
1389 1866 1568 1941 mortales

1144 2000 1163 2043 *
1391 2002 1410 2044 *

1268 2058 1287 2100 *

1283 2185 1297 2195 -
1318 2137 1426 2212 mrilti
1450 2137 1516 2212 alil
1537 2164 1557 2212 e
1579 2137 1698 2212 Troia

731 2265 882 2342 Strenul
912 2269 1020 2343 uiri.
1051 2277 1069 2344 .'
1097 2329 1104 2345 .
1133 2318 1147 2329 -

1142 2410 1161 2452 *
1387 2414 1406 2456 *

1265 2469 1285 2511 *

727 2539 804 2614 be
823 2539 926 2616 foreis
955 2569 1040 2617 cum
1066 2547 1159 2620 adro
1174 2547 1290 2624 -ssluc
1313 2552 1467 2626 exibant

1308 2703 1412 2778 VII*

638 2828 791 2907 Seruius
810 2831 851 2906 in
868 2831 961 2908 Aen.
980 2835 999 2908 I
1021 2839 1091 2911 170
1111 2845 1269 2914 ‘nouam
1285 2851 1412 2914 tamen
1431 2866 1510 2914 rem
1528 2839 1695 2913 Naeuius
1715 2838 1816 2916 bello
1833 2841 1978 2916 Punico
2001 2839 2102 2932 dicit,
2121 2865 2253 2912 unam

459 2995 633 3044 nauem
655 2969 883 3043 habuisse
910 2970 1125 3070 Aeneam,
1153 3003 1286 3074 quam
1311 2976 1573 3053 Mercurius
1599 2975 1794 3050 fecerit?

1298 3148 1422 3222 VIH*

731 3275 853 3351 Senex
878 3275 995 3354 fretus
1020 3280 1201 3379 pietatei·
1217 3284 1327 3358 deum
1350 3283 1549 3359 sdloedtus
1578 3283 1712 3358 srimmi

641 3429 676 3486 15
729 3413 852 3486 Derim
874 3417 976 3511 regis
1000 3415 1155 3493 fratrem
1177 3420 1424 3519 Nep-trinum
1447 3423 1686 3519 regnatdrem

728 3551 875 3624 Marrim

627 3773 665 3823 lv
690 3773 846 3824 Priscianus
871 3772 910 3822 VI
937 3790 963 3839 p.
990 3775 1042 3826 679
1066 3777 1096 3827 Ρ.
1124 3778 1147 3840 (I
1175 3779 1223 3829 221
1254 3779 1313 3844 ΚΓ.)
1343 3781 1473 3830 ‘eiusdem
1498 3780 1527 3829 id
1550 3785 1591 3830 est
1618 3779 1721 3844 primae
1744 3775 1932 3826 declinationis
1962 3775 2149 3826 femininorum
2175 3793 2253 3842 gene-

473 3862 557 3909 tiuam
577 3861 658 3910 etiam
677 3859 704 3908 in
723 3873 757 3909 as
776 3874 850 3908 more
872 3859 976 3910 Graeco
999 3861 1124 3914 solebant
1147 3865 1327 3930 antiquissimi
1349 3869 1494 3918 terminare
1518 3905 1524 3917 .
1545 3867 1699 3917 ...Liuius
1723 3890 1754 3898 -
1777 3863 1898 3913 Naeuius
1921 3860 1949 3910 iu
1972 3859 2090 3910 carmine
2112 3861 2253 3914 belli-Pu-

473 3948 525 3996 nici
545 3947 642 4010 primo:
661 3943 773 4012 [XVIII]
792 3946 820 3994 in
839 3945 946 3996 eodem:
965 3949 997 3998 ei
1080 3951 1236 4001 fortunas
1254 3967 1302 4018 pro
1321 3953 1467 4004 fortunae’
1489 3951 1662 4017 (furtunae
1680 3949 1801 4015 Sangall.
1815 3948 1903 4013 Lugd.
1916 3945 2044 4011 Karolir.)
2080 3945 2123 3996 Ad
2135 3949 2252 3998 Aeneam

474 4033 505 4082 de
524 4049 610 4082 rerum
625 4033 802 4082 Troianorum
821 4033 899 4083 ruina
916 4038 1084 4096 reputantem
1101 4036 1169 4088 haec
1186 4038 1274 4088 refero
1292 4055 1351 4088 cum
1370 4041 1551 4090 Klussmanno
1655 4039 1679 4088 V
1697 4037 1806 4088 Seruius
1822 4036 1849 4084 iu
1871 4037 1937 4085 Aen,
1957 4033 2000 4084 III
2021 4034 2052 4084 lu
2069 4039 2154 4084 ‘amat
2172 4038 2254 4100 poeta

474 4134 542 4184 quae
559 4119 626 4184 legit
644 4120 778 4170 inmutata
795 4120 886 4184 aliqua
902 4125 978 4184 parte
995 4121 1038 4171 uel
1055 4125 1177 4186 personis
1195 4125 1262 4190 ipsis
1281 4127 1370 4177 uerbis
1386 4128 1515 4194 proferre.
1552 4125 1702 4176 Naeuius
1722 4123 1809 4172 enim
1826 4120 1963 4172 inducit
1980 4135 2102 4171 uxores
2121 4123 2254 4173 ,laneae

475 4213 508 4256 et
527 4206 692 4256 Anchisae
711 4223 780 4257 oum
801 4205 950 4256 lacrimis
970 4207 1067 4258 Ilium
1089 4209 1323 4277 relinquentes
1350 4215 1399 4264 his
1419 4214 1542 4264 uerbis:
1563 4211 1779 4262 amborum..
1799 4207 1948 4257 ‚multis
1985 4207 2045 4256 Hoc
2065 4209 2117 4258 iste
2134 4209 2252 4258 Aeneam

474 4291 567 4354 eodem
584 4293 612 4342 in
630 4296 749 4357 tempore
768 4292 887 4343 eiusdem
904 4294 942 4344 rei
961 4309 1044 4344 causa
1061 4297 1165 4348 inducit
1183 4299 1280 4349 fecisse
1299 4315 1359 4350 cum
1377 4299 1457 4350 dixit:
1480 4298 1532 4366 [III
1553 4298 1616 4366 10].’
1722 4295 1760 4345 VI
1779 4294 1889 4345 Seruius
1914 4295 1940 4343 in
1960 4295 2025 4342 Ᾰθῐὶ·
2050 4294 2078 4343 11
2100 4295 2150 4346 797
2175 4301 2252 4345 ’88116

475 4379 584 4428 adamat
603 4381 684 4444 pobte
708 4394 827 4444 eaquae
845 4379 911 4444 legit
929 4379 1036 4430 diuerso
1054 4383 1133 4434 modo
1153 4385 1282 4450 proferre.
1319 4388 1438 4437 Naeuius
1456 4387 1519 4437 belli
1536 4385 1632 4436 Punici
1649 4383 1734 4449 primo
1752 4381 1785 4430 de
1797 4381 1915 4430 Anchisa
1932 4385 1959 4428 et
1975 4380 2067 4430 Aenea
2086 4381 2251 4446 fngientibus

476 4467 542 4516 baec
562 4467 616 4516 ait:
637 4481 746 4515 corum
765 4503 770 4516 .
787 4502 816 4516 ..
838 4467 1013 4518 mortales:
1033 4485 1095 4520 ecce
1113 4471 1165 4522 hoc
1183 4479 1224 4523 est
1242 4471 1376 4522 inuenio
1396 4473 1565 4523 admirans
1583 4484 1763 4521 nnmerum.
1783 4466 1878 4516 multi
1965 4466 2043 4516 uiri:
2063 4481 2126 4516 ecce
2144 4467 2172 4517 hi
2190 4474 2252 4517 sunt

475 4553 596 4602 animis
616 4553 737 4617 parati.
758 4554 813 4602 ubi
835 4593 841 4604 .
862 4591 868 4604 .
889 4592 895 4604 .
916 4556 1073 4607 exibant:
1093 4573 1156 4610 ecce
1182 4565 1209 4610 ct
1235 4558 1353 4623 opibus
1378 4558 1565 4609 instructi)
1602 4559 1679 4608 Haec
1701 4555 1755 4604 tria
1773 4569 1833 4604 esse
1852 4554 2006 4618 fragmenta
2023 4568 2076 4602 non
2096 4569 2194 4619 magno
2213 4556 2252 4604 in·

475 4637 587 4688 teruallo
603 4639 666 4689 olim
685 4654 787 4690 conexa
801 4641 833 4691 G.
854 4641 876 4690 1.
896 4641 1008 4692 Vossius
1028 4644 1096 4693 uidit
1106 4645 1209 4712 Castig.
1229 4647 1256 4696 in
1273 4651 1343 4709 trag.
1362 4651 1419 4695 net.
1438 4661 1463 4710 p.
1483 4646 1529 4694 77:
1552 4643 1699 4709 dequibus
1719 4657 1779 4690 cum
1798 4638 2046 4702 editoreLipsieusi
2058 4639 2252 4707 Schuettioque

475 4723 636 4775 allucinatur
648 4725 856 4776 Klussmannus.
880 4729 1050 4780 Hermannus
1069 4746 1122 4780 non
1139 4733 1193 4781 nisi
1209 4733 1323 4798 primum
1341 4747 1448 4780 uersum
1466 4731 1574 4780 exhibet
1676 4727 1745 4777 VIII
1765 4727 1921 4777 Priscianus
1937 4725 1990 4775 VII
2007 4741 2033 4790 p.
2050 4727 2100 4778 770
2112 4729 2143 4778 P.
2164 4727 2252 4793 (1343

476 4811 535 4876 Kr.)
554 4813 656 4862 ‘inueni
675 4829 793 4862 marum
810 4829 859 4878 pro
876 4816 1003 4878 marium,
1020 4817 1066 4881 qui
1085 4823 1176 4867 tamen
1195 4818 1223 4866 in
1239 4834 1299 4867 raro
1318 4823 1360 4868 est
1378 4833 1428 4867 usu
1447 4817 1602 4882 genetiuus,
1622 4813 1693 4879 apud
1713 4814 1844 4863 Naeuium
1868 4814 1895 4862 in
1914 4811 2032 4862 carmine
2055 4811 2118 4861 belli
2142 4812 2251 4864 Punici:

738 4963 883 4970 ,ῃ

640 5053 658 5111 6
682 5055 710 5112 ei
731 5051 826 5135 uenit]
848 5058 954 5116 uuenit
978 5062 1062 5116 Beris.
1086 5078 1120 5118 m.
1139 5077 1187 5131 pr.
1208 5059 1311 5116 euenit
1330 5061 1415 5131 Iupd.
1441 5057 1563 5130 Sonpcll.
1586 5075 1619 5112 m.
1643 5058 1691 5110 cll.
1711 5051 1795 5110 uenit
1818 5054 1940 5126 Scnpoll.
1965 5073 1998 5109 m.
2018 5071 2064 5126 pr.
2151 5061 2251 5110 mente

474 5157 579 5212 Amisa.
607 5158 691 5213 Bern.
720 5159 842 5232 Scopuli.
874 5163 960 5235 Lupd.
990 5161 1116 5218 Koralir.
1203 5161 1340 5219 furtunae
1368 5159 1491 5232 Scapul.
1515 5157 1601 5230 Lupd.
1692 5152 1711 5214 8
1739 5150 1853 5210 Troiad
1890 5155 1999 5212 Vossius
2027 5155 2125 5227 uasta.
2146 5173 2177 5227 p.
2200 5151 2249 5212 76.

474 5255 608 5316 Troiade
629 5263 801 5333 exemplario
888 5262 1041 5321 amborum
1060 5257 1065 5336 l
1084 5261 1205 5320 deres
1232 5270 1322 5320 noctu
1348 5257 1464 5318 Troiad
1491 5257 1617 5316 exibant
1644 5253 1793 5335 capitibus
1819 5249 1823 5324 Ι
1850 5250 1971 5332 Opertis
2000 5253 2107 5314 flentes
2134 5254 2250 5326 rimbae,

474 5359 622 5418 abedntee
645 5360 777 5420 lacrimis
804 5361 904 5420 multis
924 5365 1104 5421 Hermcnaus
1197 5353 1234 5421 10
1263 5357 1376 5440 eorum]
1398 5362 1570 5435 bisyllnbum,
1600 5359 1638 5431 cf.
1662 5359 1858 5415 Matucaium
1878 5361 1906 5413 in
1931 5359 2015 5414 Lucr.
2042 5357 2086 5412 VI
2104 5353 2166 5414 456

474 5471 641 5541 sequuntur
662 5468 834 5538 ecemplaria
923 5465 1090 5522 Truncafum
1112 5467 1218 5540 syllaba
1239 5481 1352 5522 nusum
1372 5465 1480 5523 exbibet
1502 5465 1682 5520 dermannus
1770 5457 1816 5516 11.
1848 5453 1885 5514 12
1923 5459 2026 5516 Versus
2048 5459 2170 5532 disposui

480 5561 513 5622 13
535 5560 617 5644 illuc]
643 5569 683 5621 Aa
703 5564 807 5624 illinc?
897 5565 931 5623 14
955 5563 1092 5646 pietatei]
1113 5567 1220 5645 pietati
1243 5567 1310 5624 Por.
1335 5568 1516 5624 erueturne.
1541 5583 1575 5621 m.
1595 5581 1642 5636 pr.
1666 5562 1751 5635 Lupd.
1776 5562 1900 5618 Karalir.
1925 5561 2027 5616 Bumb„
2042 5559 2156 5638 pietate
2180 5561 2249 5618 Por.
