5120 6604
579 1021 735 1119 Topper
763 1022 937 1120 capesset
963 1016 1308 1092 flamme-Volcani
1337 1073 1345 1089 .
1375 1021 1393 1087 .'
1421 1073 1429 1089 .

1170 1223 1255 1296 XI*

483 1375 523 1434 70
950 1361 1198 1458 itque-priris
1228 1339 1351 1458 pariet
1378 1358 1526 1433 locusta

576 1498 720 1573 Lucam
744 1499 884 1572 bouem
912 1554 919 1569 .
944 1501 962 1570 .'
986 1554 993 1569 .
1017 1543 1030 1552 -

1171 1705 1247 1778 XII

576 1840 700 1931 Quam
728 1840 913 1941 liquidum
944 1897 1305 1915 ..........
1341 1866 1488 1915 amnem

1159 2047 1256 2121 XIII

577 2181 744 2257 Samnite

1152 2389 1243 2464 XIV

480 2525 629 2602 Gellius
650 2525 687 2599 V
709 2529 752 2602 12
777 2527 1035 2602 ‘Lucetium
1060 2539 1185 2603 autem
1209 2527 1340 2603 Iouem
1359 2525 1427 2602 (ln.
1445 2527 1614 2602 Naeuius
1638 2527 1678 2601 in
1701 2527 1810 2601 libris
1831 2523 1922 2600 belli
1943 2525 2098 2600 Poenici

315 2661 508 2760 adpellat'

1165 2871 1266 2946 XV*

480 3009 617 3084 Festus
641 3037 677 3108 p.
701 3011 773 3082 262
798 3009 846 3082 M.
869 3009 1021 3105 ε[ιιιιιιι
1042 3035 1162 3106 genus
1182 3007 1247 3084 teli
1271 3008 1463 3107 significat
1480 3063 1600 3081 .....
1621 3009 1838 3106 ru]nas...
1862 3062 1869 3077 .
1891 3063 1897 3078 .
1919 3061 1926 3078 .
2062 3061 2097 3076 ..

351 3141 2098 3244 ...ae...............Naeui[us...........idempo]suit[Enniusin

316 3279 339 3352 1.
363 3280 396 3354 I:
420 3293 557 3356 runata
576 3281 734 3377 recedit,
761 3283 784 3355 i.
805 3307 835 3355 e.
861 3279 1021 3381 pilata].'
1080 3281 1221 3358 Paulus
1244 3283 1348 3358 Festi
1374 3312 1409 3382 p.
1430 3283 1503 3355 263
1521 3281 1570 3355 Μ.
1595 3285 1728 3355 ‘runa
1750 3305 1870 3378 genus
1894 3277 1958 3352 teli
1984 3277 2099 3374 signi-

315 3416 414 3491 ficat.
467 3419 632 3493 Ennius:
655 3431 792 3494 runata
816 3418 974 3514 recedit,
1003 3419 1043 3493 id
1066 3431 1124 3495 est
1145 3418 1288 3520 pilata?

1169 3625 1262 3701 XVI

481 3761 616 3835 Festus
645 3787 681 3860 p.
713 3763 785 3836 310
813 3762 861 3836 Μ.
894 3770 1144 3864 ‘supparus
1177 3763 1392 3860 [dicebatur
1418 3761 1604 3861 puellare]
1633 3761 1915 3856 uestimen[tum
1946 3759 2099 3838 lineum.

316 3896 417 3994 quod
447 3909 483 3970 et
505 3896 708 3992 slubucula
731 3898 1023 3998 sp[pellabatur.
1077 3900 1243 3974 Titinius
1266 3899 1321 3999 i]n
1348 3896 1529 3972 Fullonia
1554 3954 1833 3970 ..........
1863 3923 1973 3972 omne
1998 3896 2100 3995 quod

316 4152 458 4214 feminina,
481 4153 508 4202 in
527 4157 642 4219 utraque
666 4161 756 4206 tamen
776 4157 966 4207 terminatione
992 4156 1141 4206 communis
1166 4157 1249 4206 etiam
1272 4155 1379 4221 generis
1400 4154 1576 4205 inueniuntur
1599 4154 1707 4219 prolata
1728 4183 1760 4192 -
1787 4155 1906 4205 Naeuius
1931 4155 1958 4204 in
1984 4157 2102 4204 carmine

315 4237 380 4287 belli
404 4239 513 4289 Punici:
533 4240 633 4292 iames'
654 4258 678 4292 e.
699 4259 725 4308 q.
746 4259 767 4291 s.
804 4243 880 4294 Idem
905 4243 943 4292 VI
960 4258 987 4308 p.
1007 4241 1058 4293 696
1077 4243 1108 4293 Ρ.
1128 4239 1154 4308 (Ι
1171 4243 1223 4292 246
1241 4241 1300 4309 Kr.)
1322 4241 1429 4292 ‘alacer
1452 4240 1564 4302 alacris,
1589 4255 1663 4290 acer
1690 4242 1769 4292 acris.
1805 4242 1842 4291 Et
1866 4241 2004 4293 sciendam
2030 4241 2101 4306 quod

316 4326 344 4373 iu
363 4331 478 4390 utraque
496 4327 686 4378 terminatione
703 4331 844 4395 utriusqus
862 4330 967 4395 generis
986 4329 1161 4379 inueniuntur
1173 4329 1240 4380 haec
1260 4367 1266 4380 .
1287 4368 1293 4380 .
1314 4369 1320 4381 .
1340 4329 1461 4381 Naeuius
1478 4327 1507 4376 in
1525 4327 1643 4378 carmine
1662 4327 1726 4378 belli
1743 4328 1851 4378 Punici:
1869 4328 1965 4379 lames‘
1986 4345 2009 4380 e.
2030 4347 2056 4394 q.
2077 4345 2100 4379 s.

420 4413 443 4462 X
468 4413 566 4462 Festus
587 4430 613 4479 p.
640 4413 690 4465 352
714 4415 752 4466 Μ.
790 4420 922 4481 ‘topper
939 4415 1092 4482 significare
1116 4417 1155 4465 ait
1179 4415 1302 4466 Artorius
1331 4415 1401 4474 cito,
1423 4413 1553 4476 sommae,
1580 4414 1716 4476 celeriter,
1742 4419 1851 4465 temere.
1896 4416 1980 4478 cito,
2006 4416 2045 4465 sic
2074 4415 2102 4464 in

315 4497 393 4547 Nelei
416 4499 535 4549 carmine
557 4538 563 4550 .
583 4538 615 4551 ..
642 4501 767 4563 citius,
786 4501 826 4552 sic
843 4502 892 4552 Cn.
909 4502 1044 4553 Naeuius:
1064 4507 1213 4567 capesset.
1233 4539 1239 4552 .
1261 4539 1267 4553 .
1286 4502 1423 4553 Volcani'
1446 4498 1488 4564 (C.
1506 4503 1770 4567 naenicapesset
1788 4501 1848 4553 cod.
1870 4507 1941 4552 teste
1957 4503 1993 4552 H.
2013 4501 2101 4553 Keilio

317 4589 334 4637 1.
362 4589 380 4638 1.
400 4607 427 4654 p.
446 4588 509 4652 626)
534 4589 637 4651 ‘cito,
656 4589 695 4638 sic
717 4588 745 4637 in
769 4587 877 4638 eodem:
899 4603 1016 4654 namque
1034 4587 1136 4638 nullum
1152 4588 1156 4654 Ι
1172 4589 1249 4654 peine
1270 4594 1391 4639 macerat
1412 4589 1555 4640 homonem
1581 4587 1769 4654 (humanum
1794 4586 1867 4654 cod.)
1893 4587 2009 4654 quamde
2029 4603 2102 4638 marc

316 4675 459 4741 saeuuml
482 4677 560 4727 Vires
580 4673 683 4739 (niret
701 4675 772 4741 cod.)
792 4675 836 4725 cui
854 4680 918 4725 sunt
933 4690 1049 4742 magnae
1068 4680 1165 4740 topper
1183 4675 1354 4740 confringent
1368 4672 1373 4744 Ι
1389 4676 1551 4741 inportunae
1569 4675 1678 4727 andsa’
1722 4677 1772 4726 sic
1794 4677 1826 4726 in
1844 4672 1970 4740 eodem]
1995 4674 2044 4724 sic
2069 4674 2102 4722 in

318 4763 476 4828 Odyssea
493 4761 659 4827 Scaligerum
678 4767 787 4813 secutus
805 4761 837 4813 G.
854 4763 1025 4813 Hermannus
1044 4762 1061 4812 1.
1081 4763 1099 4812 1.
1119 4778 1146 4828 p.
1166 4763 1229 4824 6233
1257 4769 1286 4812 ut
1306 4763 1341 4812 ad
1358 4763 1467 4813 Liuium
1485 4763 1578 4813 redeat
1601 4763 1782 4830 fragmentum
1806 4761 1877 4814 conl.
1900 4763 1980 4812 Hom.
2006 4761 2057 4811 Od.
2080 4759 2103 4810 θ

300 4847 376 4900 'lta
414 4851 474 4912 Qua
497 4865 525 4900 rc
543 4849 606 4899 hinc
625 4847 727 4898 exclusi
746 4863 840 4898 uersus
948 4845 1092 4899 XIVarro
1111 4849 1144 4900 dc
1159 4849 1191 4900 L.
1211 4851 1243 4900 L.
1268 4849 1322 4900 VII
1351 4847 1385 4900 39
1411 4851 1448 4902 M.
1482 4849 1571 4915 ‘apud
1599 4851 1745 4900 Naeuium:
1775 4855 1875 4916 atque
1894 4886 1923 4901 ..
1944 4886 1950 4899 .
1975 4849 2103 4899 bouem·

317 4937 410 4986 Luca
435 4936 495 4985 bos
522 4936 652 5001 clephas.’
764 4934 818 4984 XII
841 4935 940 4986 Festos
964 4952 991 5000 p.
1013 4935 1065 4988 293
1093 4937 1130 4986 M.
1161 4935 1360 4987 ‘sublicium
1388 4934 1509 5003 pon[tem
1535 4935 1644 5001 quidam
1669 4935 1774 5005 putant]
1798 4936 1962 5003 appellatum
1994 4932 2064 5000 [esse
2088 4949 2105 4982 s

319 5021 439 5088 sublicis]
466 5049 497 5057 —
522 5051 557 5060 -
584 5026 611 5071 et
637 5021 756 5071 meminit
787 5019 898 5088 [sublici
924 5024 1017 5087 pontis
1043 5023 1175 5091 Naeuius]
1203 5023 1248 5088 qni
1272 5023 1311 5072 nit
1339 5025 1367 5074 in
1388 5023 1453 5074 belli
1472 5021 1577 5090 [Punici
1608 5007 1678 5074 libro
1704 5063 1737 5075 ..
1759 5023 1781 5091 .]
1813 5039 1907 5090 quam
1939 5021 2104 5088 liquidnm

317 5145 603 5158 ...........
631 5113 775 5158 amnem?
882 5109 950 5159 XIII
975 5111 1132 5160 Priscianus
1149 5111 1188 5160 VI
1206 5126 1232 5174 p.
1253 5110 1302 5160 707
1321 5111 1352 5161 P.
1372 5109 1397 5172 (1
1415 5111 1461 5162 261
1484 5109 1544 5174 lir.)
1564 5110 1618 5160 ‘hic
1646 5111 1757 5164 ethaeo
1781 5113 1902 5166 Samnis.
1926 5110 2006 5159 lrnius
2031 5109 2105 5158 Sam-

476 5379 516 5440 69
541 5391 649 5460 topper
677 5392 817 5461 capesset
843 5383 963 5441 flamma
988 5387 1126 5458 Bcrplcics
1149 5389 1264 5460 Eptem.
1291 5389 1338 5443 litt.
1364 5388 1430 5444 Hal.
1462 5384 1601 5446 184211
1621 5407 1653 5460 p.
1676 5385 1746 5450 2411.
1776 5395 1917 5466 capesset
1944 5383 2103 5452 flammam,

313 5505 364 5542 cm.
387 5493 511 5562 topper,
539 5487 599 5541 cod.
620 5492 761 5563 capesset
788 5492 896 5563 topper
918 5484 1067 5544 flammam
1090 5490 1121 5546 0.
1142 5489 1293 5546 Mceucnc
1379 5485 1418 5546 70
1440 5489 1566 5547 Saturnis·
1587 5493 1743 5564 particulas
1766 5493 1881 5562 refinxit
1902 5491 1931 5546 0.
1955 5486 2104 5543 Muellems

400 5581 440 5642 72
468 5605 559 5665 quam
584 5585 733 5666 liquidum
758 5582 896 5666 [sublicio
920 5596 1020 5645 tranat
1042 5585 1146 5668 ponte]
1174 5609 1292 5650 amnem
1322 5594 1438 5650 Vrsinus

1729 5670 1772 5733 3*
