<?xml version="1.0" encoding="UTF-8"?>
<!DOCTYPE html PUBLIC "-//W3C//DTD XHTML 1.0 Transitional//EN"
    "http://www.w3.org/TR/xhtml1/DTD/xhtml1-transitional.dtd">
<html xmlns="http://www.w3.org/1999/xhtml" xml:lang="en" lang="en">
 <head>
  <title>
</title>
<meta http-equiv="Content-Type" content="text/html;charset=utf-8" />
  <meta name='ocr-system' content='tesseract 3.04.00' />
  <meta name='ocr-capabilities' content='ocr_page ocr_carea ocr_par ocr_line ocrx_word'/>
</head>
<body>
  <div class='ocr_page' id='page_1' title='image "./debellopunicore01naevgoog_0011.png"; bbox 0 0 5120 6604; ppageno 0'>
   <div class='ocr_carea' id='block_1_1' title="bbox 1178 601 1537 664">
    <p class='ocr_par' dir='ltr' id='par_1_1' title="bbox 1178 601 1537 664">
     <span class='ocr_line' id='line_1_1' title="bbox 1178 601 1537 664; baseline 0.006 -19"><span class='ocrx_word' id='word_1_1' title='bbox 1178 601 1537 664; x_wconf 41' lang='lat' dir='ltr'><strong>..ua-...-</strong></span> 
     </span>
    </p>
   </div>
   <div class='ocr_carea' id='block_1_2' title="bbox 463 779 2253 1227">
    <p class='ocr_par' dir='ltr' id='par_1_2' title="bbox 463 779 2253 1227">
     <span class='ocr_line' id='line_1_2' title="bbox 465 779 2253 873; baseline 0.005 -33"><span class='ocrx_word' id='word_1_2' title='bbox 465 779 586 842; x_wconf 89' lang='lat' dir='ltr'><strong>mentio</strong></span> <span class='ocrx_word' id='word_1_3' title='bbox 612 799 630 840; x_wconf 90' lang='lat' dir='ltr'><strong>e</strong></span> <span class='ocrx_word' id='word_1_4' title='bbox 652 779 757 865; x_wconf 90' lang='lat' dir='ltr'><strong>primo</strong></span> <span class='ocrx_word' id='word_1_5' title='bbox 781 780 916 862; x_wconf 77' lang='lat' dir='ltr'><strong>citetur,</strong></span> <span class='ocrx_word' id='word_1_6' title='bbox 938 782 994 868; x_wconf 88' lang='lat' dir='ltr'><strong>qui</strong></span> <span class='ocrx_word' id='word_1_7' title='bbox 1017 781 1067 846; x_wconf 89' lang='lat' dir='ltr'><strong>his</strong></span> <span class='ocrx_word' id='word_1_8' title='bbox 1090 784 1287 849; x_wconf 77' lang='lat' dir='ltr'><strong>testimoniis</strong></span> <span class='ocrx_word' id='word_1_9' title='bbox 1309 786 1570 872; x_wconf 76' lang='lat' dir='ltr'><strong>superstitiosius</strong></span> <span class='ocrx_word' id='word_1_10' title='bbox 1589 784 1783 868; x_wconf 79' lang='lat' dir='ltr'><strong>adhaereat,</strong></span> <span class='ocrx_word' id='word_1_11' title='bbox 1810 807 1926 850; x_wconf 87' lang='lat' dir='ltr'><strong>uereor</strong></span> <span class='ocrx_word' id='word_1_12' title='bbox 1946 795 1983 848; x_wconf 89' lang='lat' dir='ltr'><strong>ut</strong></span> <span class='ocrx_word' id='word_1_13' title='bbox 2006 807 2157 872; x_wconf 83' lang='lat' dir='ltr'><strong>rrrnquam</strong></span> <span class='ocrx_word' id='word_1_14' title='bbox 2179 809 2253 873; x_wconf 88' lang='lat' dir='ltr'><strong>pos-</strong></span> 
     </span>
     <span class='ocr_line' id='line_1_3' title="bbox 466 896 2253 991; baseline 0.006 -33"><span class='ocrx_word' id='word_1_15' title='bbox 466 896 508 960; x_wconf 85' lang='lat' dir='ltr'><strong>sit</strong></span> <span class='ocrx_word' id='word_1_16' title='bbox 526 897 681 960; x_wconf 75' lang='lat' dir='ltr'><strong>carminis</strong></span> <span class='ocrx_word' id='word_1_17' title='bbox 701 897 880 983; x_wconf 76' lang='lat' dir='ltr'><strong>imaginem</strong></span> <span class='ocrx_word' id='word_1_18' title='bbox 899 899 1008 964; x_wconf 90' lang='lat' dir='ltr'><strong>animo</strong></span> <span class='ocrx_word' id='word_1_19' title='bbox 1026 900 1214 966; x_wconf 80' lang='lat' dir='ltr'><strong>informare.</strong></span> <span class='ocrx_word' id='word_1_20' title='bbox 1259 904 1369 990; x_wconf 84' lang='lat' dir='ltr'><strong>Atque</strong></span> <span class='ocrx_word' id='word_1_21' title='bbox 1391 904 1426 966; x_wconf 89' lang='lat' dir='ltr'><strong>in</strong></span> <span class='ocrx_word' id='word_1_22' title='bbox 1448 904 1500 968; x_wconf 93' lang='lat' dir='ltr'><strong>his</strong></span> <span class='ocrx_word' id='word_1_23' title='bbox 1521 905 1635 991; x_wconf 91' lang='lat' dir='ltr'><strong>primis</strong></span> <span class='ocrx_word' id='word_1_24' title='bbox 1660 901 1754 966; x_wconf 86' lang='lat' dir='ltr'><strong>libris</strong></span> <span class='ocrx_word' id='word_1_25' title='bbox 1780 925 1853 967; x_wconf 91' lang='lat' dir='ltr'><strong>cum</strong></span> <span class='ocrx_word' id='word_1_26' title='bbox 1881 906 1987 991; x_wconf 89' lang='lat' dir='ltr'><strong>possis</strong></span> <span class='ocrx_word' id='word_1_27' title='bbox 2016 903 2178 991; x_wconf 88' lang='lat' dir='ltr'><strong>quaedam</strong></span> <span class='ocrx_word' id='word_1_28' title='bbox 2202 925 2253 968; x_wconf 92' lang='lat' dir='ltr'><strong>ra-</strong></span> 
     </span>
     <span class='ocr_line' id='line_1_4' title="bbox 463 1015 2253 1109; baseline 0.004 -32"><span class='ocrx_word' id='word_1_29' title='bbox 463 1015 552 1078; x_wconf 89' lang='lat' dir='ltr'><strong>tione</strong></span> <span class='ocrx_word' id='word_1_30' title='bbox 576 1027 691 1080; x_wconf 90' lang='lat' dir='ltr'><strong>contra</strong></span> <span class='ocrx_word' id='word_1_31' title='bbox 710 1016 842 1080; x_wconf 88' lang='lat' dir='ltr'><strong>testium</strong></span> <span class='ocrx_word' id='word_1_32' title='bbox 866 1019 1094 1083; x_wconf 89' lang='lat' dir='ltr'><strong>auctoritatem</strong></span> <span class='ocrx_word' id='word_1_33' title='bbox 1121 1019 1254 1086; x_wconf 86' lang='lat' dir='ltr'><strong>efficere</strong></span> <span class='ocrx_word' id='word_1_34' title='bbox 1261 1071 1270 1103; x_wconf 95' lang='lat'><strong>,</strong></span> <span class='ocrx_word' id='word_1_35' title='bbox 1298 1023 1333 1086; x_wconf 91' lang='lat' dir='ltr'><strong>in</strong></span> <span class='ocrx_word' id='word_1_36' title='bbox 1361 1022 1598 1109; x_wconf 79' lang='lat' dir='ltr'><strong>posterioribus</strong></span> <span class='ocrx_word' id='word_1_37' title='bbox 1626 1021 1843 1086; x_wconf 88' lang='lat' dir='ltr'><strong>ratiocinandi</strong></span> <span class='ocrx_word' id='word_1_38' title='bbox 1872 1021 2051 1086; x_wconf 82' lang='lat' dir='ltr'><strong>difficultas</strong></span> <span class='ocrx_word' id='word_1_39' title='bbox 2081 1043 2119 1085; x_wconf 90' lang='lat' dir='ltr'><strong>eo</strong></span> <span class='ocrx_word' id='word_1_40' title='bbox 2145 1023 2253 1107; x_wconf 85' lang='lat' dir='ltr'><strong>magis</strong></span> 
     </span>
     <span class='ocr_line' id='line_1_5' title="bbox 465 1135 2253 1227; baseline 0.004 -31"><span class='ocrx_word' id='word_1_41' title='bbox 465 1143 619 1216; x_wconf 88' lang='lat' dir='ltr'><strong>augetur,</strong></span> <span class='ocrx_word' id='word_1_42' title='bbox 643 1157 708 1222; x_wconf 87' lang='lat' dir='ltr'><strong>quo</strong></span> <span class='ocrx_word' id='word_1_43' title='bbox 729 1135 884 1223; x_wconf 81' lang='lat' dir='ltr'><strong>pauciora</strong></span> <span class='ocrx_word' id='word_1_44' title='bbox 906 1157 924 1200; x_wconf 90' lang='lat' dir='ltr'><strong>e</strong></span> <span class='ocrx_word' id='word_1_45' title='bbox 943 1135 1083 1222; x_wconf 89' lang='lat' dir='ltr'><strong>singulis</strong></span> <span class='ocrx_word' id='word_1_46' title='bbox 1105 1139 1289 1224; x_wconf 85' lang='lat' dir='ltr'><strong>fragmenta</strong></span> <span class='ocrx_word' id='word_1_47' title='bbox 1312 1139 1498 1205; x_wconf 84' lang='lat' dir='ltr'><strong>laudantur.</strong></span> <span class='ocrx_word' id='word_1_48' title='bbox 1544 1140 1660 1226; x_wconf 89' lang='lat' dir='ltr'><strong>Itaque</strong></span> <span class='ocrx_word' id='word_1_49' title='bbox 1683 1141 1718 1204; x_wconf 89' lang='lat' dir='ltr'><strong>in</strong></span> <span class='ocrx_word' id='word_1_50' title='bbox 1744 1141 1796 1205; x_wconf 91' lang='lat' dir='ltr'><strong>his</strong></span> <span class='ocrx_word' id='word_1_51' title='bbox 1819 1139 1952 1227; x_wconf 89' lang='lat' dir='ltr'><strong>quidem</strong></span> <span class='ocrx_word' id='word_1_52' title='bbox 1972 1139 2014 1204; x_wconf 93' lang='lat' dir='ltr'><strong>ab</strong></span> <span class='ocrx_word' id='word_1_53' title='bbox 2039 1139 2253 1204; x_wconf 90' lang='lat' dir='ltr'><strong>coniectando</strong></span> 
     </span>
    </p>
   </div>
   <div class='ocr_carea' id='block_1_3' title="bbox 464 1249 2253 1458">
    <p class='ocr_par' dir='ltr' id='par_1_3' title="bbox 464 1249 2253 1458">
     <span class='ocr_line' id='line_1_6' title="bbox 464 1249 2253 1344; baseline 0.004 -30"><span class='ocrx_word' id='word_1_54' title='bbox 464 1249 607 1315; x_wconf 86' lang='lat' dir='ltr'><strong>abstinui</strong></span> <span class='ocrx_word' id='word_1_55' title='bbox 629 1255 775 1336; x_wconf 90' lang='lat' dir='ltr'><strong>omnino,</strong></span> <span class='ocrx_word' id='word_1_56' title='bbox 798 1255 952 1341; x_wconf 91' lang='lat' dir='ltr'><strong>quoniam</strong></span> <span class='ocrx_word' id='word_1_57' title='bbox 975 1278 1038 1320; x_wconf 90' lang='lat' dir='ltr'><strong>nou</strong></span> <span class='ocrx_word' id='word_1_58' title='bbox 1061 1258 1197 1344; x_wconf 91' lang='lat' dir='ltr'><strong>prolatis</strong></span> <span class='ocrx_word' id='word_1_59' title='bbox 1218 1259 1420 1344; x_wconf 79' lang='lat' dir='ltr'><strong>argumentis</strong></span> <span class='ocrx_word' id='word_1_60' title='bbox 1440 1258 1543 1324; x_wconf 91' lang='lat' dir='ltr'><strong>multa</strong></span> <span class='ocrx_word' id='word_1_61' title='bbox 1564 1259 1599 1322; x_wconf 89' lang='lat' dir='ltr'><strong>in</strong></span> <span class='ocrx_word' id='word_1_62' title='bbox 1618 1258 1679 1322; x_wconf 94' lang='lat' dir='ltr'><strong>boc</strong></span> <span class='ocrx_word' id='word_1_63' title='bbox 1700 1279 1821 1342; x_wconf 90' lang='lat' dir='ltr'><strong>genere</strong></span> <span class='ocrx_word' id='word_1_64' title='bbox 1838 1267 2018 1324; x_wconf 88' lang='lat' dir='ltr'><strong>nouaturus</strong></span> <span class='ocrx_word' id='word_1_65' title='bbox 2035 1259 2132 1322; x_wconf 88' lang='lat' dir='ltr'><strong>facile</strong></span> <span class='ocrx_word' id='word_1_66' title='bbox 2147 1257 2253 1322; x_wconf 90' lang='lat' dir='ltr'><strong>bario-</strong></span> 
     </span>
     <span class='ocr_line' id='line_1_7' title="bbox 465 1369 921 1458; baseline 0.009 -25"><span class='ocrx_word' id='word_1_67' title='bbox 465 1369 595 1434; x_wconf 89' lang='lat' dir='ltr'><strong>lationis</strong></span> <span class='ocrx_word' id='word_1_68' title='bbox 617 1370 745 1458; x_wconf 87' lang='lat' dir='ltr'><strong>culpam</strong></span> <span class='ocrx_word' id='word_1_69' title='bbox 766 1373 921 1437; x_wconf 85' lang='lat' dir='ltr'><strong>incurrat.</strong></span> 
     </span>
    </p>
   </div>
   <div class='ocr_carea' id='block_1_4' title="bbox 464 1523 2255 2210">
    <p class='ocr_par' dir='ltr' id='par_1_4' title="bbox 464 1523 2255 2210">
     <span class='ocr_line' id='line_1_8' title="bbox 631 1523 2255 1616; baseline 0.004 -29"><span class='ocrx_word' id='word_1_70' title='bbox 631 1523 752 1588; x_wconf 88' lang='lat' dir='ltr'><strong>Verum</strong></span> <span class='ocrx_word' id='word_1_71' title='bbox 773 1525 860 1588; x_wconf 89' lang='lat' dir='ltr'><strong>enim</strong></span> <span class='ocrx_word' id='word_1_72' title='bbox 886 1547 965 1591; x_wconf 90' lang='lat' dir='ltr'><strong>uero</strong></span> <span class='ocrx_word' id='word_1_73' title='bbox 994 1549 1034 1591; x_wconf 92' lang='lat' dir='ltr'><strong>ne</strong></span> <span class='ocrx_word' id='word_1_74' title='bbox 1056 1527 1152 1594; x_wconf 89' lang='lat' dir='ltr'><strong>hodie</strong></span> <span class='ocrx_word' id='word_1_75' title='bbox 1174 1528 1233 1593; x_wconf 84' lang='grc' dir='ltr'><strong>ΤΕ</strong></span> <span class='ocrx_word' id='word_1_76' title='bbox 1252 1529 1295 1592; x_wconf 90' lang='lat' dir='ltr'><strong>ad</strong></span> <span class='ocrx_word' id='word_1_77' title='bbox 1316 1530 1396 1594; x_wconf 88' lang='lat' dir='ltr'><strong>haec</strong></span> <span class='ocrx_word' id='word_1_78' title='bbox 1419 1531 1603 1616; x_wconf 89' lang='lat' dir='ltr'><strong>fragmenta</strong></span> <span class='ocrx_word' id='word_1_79' title='bbox 1629 1539 1756 1592; x_wconf 89' lang='lat' dir='ltr'><strong>tantum</strong></span> <span class='ocrx_word' id='word_1_80' title='bbox 1781 1526 1941 1613; x_wconf 82' lang='lat' dir='ltr'><strong>relegam,</strong></span> <span class='ocrx_word' id='word_1_81' title='bbox 1965 1551 2049 1615; x_wconf 90' lang='lat' dir='ltr'><strong>quae</strong></span> <span class='ocrx_word' id='word_1_82' title='bbox 2075 1529 2167 1593; x_wconf 85' lang='grc' dir='ltr'><strong>ΤΙΒΙ</strong></span> <span class='ocrx_word' id='word_1_83' title='bbox 2198 1541 2255 1594; x_wconf 90' lang='lat' dir='ltr'><strong>aut</strong></span> 
     </span>
     <span class='ocr_line' id='line_1_9' title="bbox 464 1643 2254 1736; baseline 0.004 -32"><span class='ocrx_word' id='word_1_84' title='bbox 464 1643 667 1726; x_wconf 88' lang='lat' dir='ltr'><strong>grammatici</strong></span> <span class='ocrx_word' id='word_1_85' title='bbox 687 1643 909 1707; x_wconf 91' lang='lat' dir='ltr'><strong>testimonium</strong></span> <span class='ocrx_word' id='word_1_86' title='bbox 938 1657 995 1708; x_wconf 93' lang='lat' dir='ltr'><strong>aut</strong></span> <span class='ocrx_word' id='word_1_87' title='bbox 1017 1648 1197 1734; x_wconf 89' lang='lat' dir='ltr'><strong>scripturae</strong></span> <span class='ocrx_word' id='word_1_88' title='bbox 1223 1648 1417 1712; x_wconf 88' lang='lat' dir='ltr'><strong>uarietatem</strong></span> <span class='ocrx_word' id='word_1_89' title='bbox 1446 1649 1631 1736; x_wconf 88' lang='lat' dir='ltr'><strong>anquirenti</strong></span> <span class='ocrx_word' id='word_1_90' title='bbox 1653 1647 1791 1712; x_wconf 83' lang='lat' dir='ltr'><strong>fortasse</strong></span> <span class='ocrx_word' id='word_1_91' title='bbox 1823 1667 1954 1734; x_wconf 88' lang='lat' dir='ltr'><strong>operam</strong></span> <span class='ocrx_word' id='word_1_92' title='bbox 1984 1647 2161 1736; x_wconf 90' lang='lat' dir='ltr'><strong>aliquando</strong></span> <span class='ocrx_word' id='word_1_93' title='bbox 2188 1672 2254 1714; x_wconf 91' lang='lat' dir='ltr'><strong>non</strong></span> 
     </span>
     <span class='ocr_line' id='line_1_10' title="bbox 466 1757 2250 1854; baseline 0.004 -32"><span class='ocrx_word' id='word_1_94' title='bbox 466 1759 545 1824; x_wconf 90' lang='lat' dir='ltr'><strong>nihil</strong></span> <span class='ocrx_word' id='word_1_95' title='bbox 568 1757 739 1842; x_wconf 89' lang='lat' dir='ltr'><strong>leuabunt,</strong></span> <span class='ocrx_word' id='word_1_96' title='bbox 763 1761 806 1824; x_wconf 92' lang='lat' dir='ltr'><strong>ad</strong></span> <span class='ocrx_word' id='word_1_97' title='bbox 828 1761 999 1828; x_wconf 87' lang='lat' dir='ltr'><strong>lectionem</strong></span> <span class='ocrx_word' id='word_1_98' title='bbox 1021 1776 1129 1829; x_wconf 87' lang='lat' dir='ltr'><strong>autem</strong></span> <span class='ocrx_word' id='word_1_99' title='bbox 1158 1777 1273 1854; x_wconf 91' lang='lat' dir='ltr'><strong>suapte</strong></span> <span class='ocrx_word' id='word_1_100' title='bbox 1302 1776 1419 1830; x_wconf 89' lang='lat' dir='ltr'><strong>natura</strong></span> <span class='ocrx_word' id='word_1_101' title='bbox 1443 1789 1508 1830; x_wconf 91' lang='lat' dir='ltr'><strong>non</strong></span> <span class='ocrx_word' id='word_1_102' title='bbox 1535 1763 1722 1854; x_wconf 85' lang='lat' dir='ltr'><strong>comparata</strong></span> <span class='ocrx_word' id='word_1_103' title='bbox 1750 1777 1843 1846; x_wconf 89' lang='lat' dir='ltr'><strong>sunt,</strong></span> <span class='ocrx_word' id='word_1_104' title='bbox 1869 1764 2065 1831; x_wconf 89' lang='lat' dir='ltr'><strong>emendandi</strong></span> <span class='ocrx_word' id='word_1_105' title='bbox 2092 1768 2250 1854; x_wconf 86' lang='lat' dir='ltr'><strong>quaedam</strong></span> 
     </span>
     <span class='ocr_line' id='line_1_11' title="bbox 465 1878 2253 1972; baseline 0.005 -30"><span class='ocrx_word' id='word_1_106' title='bbox 465 1878 609 1966; x_wconf 91' lang='lat' dir='ltr'><strong>pericula</strong></span> <span class='ocrx_word' id='word_1_107' title='bbox 630 1901 704 1944; x_wconf 91' lang='lat' dir='ltr'><strong>mea</strong></span> <span class='ocrx_word' id='word_1_108' title='bbox 724 1879 831 1944; x_wconf 87' lang='lat' dir='ltr'><strong>adieci</strong></span> <span class='ocrx_word' id='word_1_109' title='bbox 855 1903 873 1944; x_wconf 93' lang='lat' dir='ltr'><strong>e</strong></span> <span class='ocrx_word' id='word_1_110' title='bbox 895 1881 1016 1948; x_wconf 89' lang='lat' dir='ltr'><strong>leuiore</strong></span> <span class='ocrx_word' id='word_1_111' title='bbox 1037 1885 1168 1948; x_wconf 88' lang='lat' dir='ltr'><strong>critices</strong></span> <span class='ocrx_word' id='word_1_112' title='bbox 1187 1907 1307 1970; x_wconf 88' lang='lat' dir='ltr'><strong>genere</strong></span> <span class='ocrx_word' id='word_1_113' title='bbox 1336 1895 1368 1950; x_wconf 92' lang='lat' dir='ltr'><strong>et</strong></span> <span class='ocrx_word' id='word_1_114' title='bbox 1395 1885 1483 1972; x_wconf 90' lang='lat' dir='ltr'><strong>quod</strong></span> <span class='ocrx_word' id='word_1_115' title='bbox 1510 1908 1576 1950; x_wconf 90' lang='lat' dir='ltr'><strong>non</strong></span> <span class='ocrx_word' id='word_1_116' title='bbox 1604 1907 1723 1970; x_wconf 89' lang='lat' dir='ltr'><strong>magna</strong></span> <span class='ocrx_word' id='word_1_117' title='bbox 1750 1883 1918 1951; x_wconf 88' lang='lat' dir='ltr'><strong>molimina</strong></span> <span class='ocrx_word' id='word_1_118' title='bbox 1948 1881 2181 1971; x_wconf 85' lang='lat' dir='ltr'><strong>disputationis</strong></span> <span class='ocrx_word' id='word_1_119' title='bbox 2204 1909 2253 1950; x_wconf 89' lang='lat' dir='ltr'><strong>re-</strong></span> 
     </span>
     <span class='ocr_line' id='line_1_12' title="bbox 466 1998 2253 2090; baseline 0.005 -30"><span class='ocrx_word' id='word_1_120' title='bbox 466 1999 589 2084; x_wconf 88' lang='lat' dir='ltr'><strong>quirat,</strong></span> <span class='ocrx_word' id='word_1_121' title='bbox 613 1998 700 2086; x_wconf 89' lang='lat' dir='ltr'><strong>quod</strong></span> <span class='ocrx_word' id='word_1_122' title='bbox 722 2009 831 2064; x_wconf 89' lang='lat' dir='ltr'><strong>tamen</strong></span> <span class='ocrx_word' id='word_1_123' title='bbox 853 2012 885 2063; x_wconf 90' lang='lat' dir='ltr'><strong>et</strong></span> <span class='ocrx_word' id='word_1_124' title='bbox 906 2001 1006 2066; x_wconf 88' lang='lat' dir='ltr'><strong>habet</strong></span> <span class='ocrx_word' id='word_1_125' title='bbox 1023 2025 1114 2066; x_wconf 90' lang='lat' dir='ltr'><strong>suam</strong></span> <span class='ocrx_word' id='word_1_126' title='bbox 1134 2004 1273 2088; x_wconf 86' lang='lat' dir='ltr'><strong>gratiam</strong></span> <span class='ocrx_word' id='word_1_127' title='bbox 1298 2015 1330 2068; x_wconf 88' lang='lat' dir='ltr'><strong>ct</strong></span> <span class='ocrx_word' id='word_1_128' title='bbox 1351 2001 1446 2067; x_wconf 82' lang='lat' dir='ltr'>TIBI</span> <span class='ocrx_word' id='word_1_129' title='bbox 1474 2013 1510 2068; x_wconf 91' lang='lat' dir='ltr'><strong>ut</strong></span> <span class='ocrx_word' id='word_1_130' title='bbox 1531 2005 1608 2068; x_wconf 91' lang='lat' dir='ltr'><strong>noui</strong></span> <span class='ocrx_word' id='word_1_131' title='bbox 1631 2003 1753 2090; x_wconf 88' lang='lat' dir='ltr'><strong>placet,</strong></span> <span class='ocrx_word' id='word_1_132' title='bbox 1772 2014 1809 2067; x_wconf 93' lang='lat' dir='ltr'><strong>ut</strong></span> <span class='ocrx_word' id='word_1_133' title='bbox 1828 2003 1857 2066; x_wconf 89' lang='lat' dir='ltr'><strong>ei</strong></span> <span class='ocrx_word' id='word_1_134' title='bbox 1879 2003 1967 2085; x_wconf 88' lang='lat' dir='ltr'><strong>uiro,</strong></span> <span class='ocrx_word' id='word_1_135' title='bbox 1991 2026 2087 2089; x_wconf 90' lang='lat' dir='ltr'><strong>quem</strong></span> <span class='ocrx_word' id='word_1_136' title='bbox 2108 2003 2167 2068; x_wconf 87' lang='lat' dir='ltr'><strong>TV</strong></span> <span class='ocrx_word' id='word_1_137' title='bbox 2189 2028 2253 2069; x_wconf 90' lang='lat' dir='ltr'><strong>non</strong></span> 
     </span>
     <span class='ocr_line' id='line_1_13' title="bbox 465 2117 1541 2210; baseline 0.007 -32"><span class='ocrx_word' id='word_1_138' title='bbox 465 2117 570 2202; x_wconf 88' lang='lat' dir='ltr'><strong>magis</strong></span> <span class='ocrx_word' id='word_1_139' title='bbox 592 2138 682 2181; x_wconf 89' lang='lat' dir='ltr'><strong>amas</strong></span> <span class='ocrx_word' id='word_1_140' title='bbox 703 2140 800 2205; x_wconf 89' lang='lat' dir='ltr'><strong>quam</strong></span> <span class='ocrx_word' id='word_1_141' title='bbox 823 2119 893 2206; x_wconf 93' lang='lat' dir='ltr'><strong>ipse</strong></span> <span class='ocrx_word' id='word_1_142' title='bbox 915 2141 1053 2185; x_wconf 89' lang='lat' dir='ltr'><strong>ueneror</strong></span> <span class='ocrx_word' id='word_1_143' title='bbox 1072 2143 1111 2184; x_wconf 90' lang='lat' dir='ltr'><strong>ac</strong></span> <span class='ocrx_word' id='word_1_144' title='bbox 1137 2122 1297 2208; x_wconf 90' lang='lat' dir='ltr'><strong>suspicio,</strong></span> <span class='ocrx_word' id='word_1_145' title='bbox 1319 2121 1541 2210; x_wconf 89' lang='lat' dir='ltr'><strong>Schopeno.</strong></span> 
     </span>
    </p>
   </div>
   <div class='ocr_carea' id='block_1_5' title="bbox 630 2247 2250 2362">
    <p class='ocr_par' dir='ltr' id='par_1_5' title="bbox 630 2247 2250 2362">
     <span class='ocr_line' id='line_1_14' title="bbox 630 2247 2250 2362; baseline 0.003 -29"><span class='ocrx_word' id='word_1_146' title='bbox 630 2271 679 2334; x_wconf 92' lang='lat' dir='ltr'><strong>Ac</strong></span> <span class='ocrx_word' id='word_1_147' title='bbox 701 2247 1020 2358; x_wconf 39' lang='lat' dir='ltr'><strong>primum’Valerii</strong></span> <span class='ocrx_word' id='word_1_148' title='bbox 1041 2273 1208 2340; x_wconf 83' lang='lat' dir='ltr'><strong>Maximi</strong></span> <span class='ocrx_word' id='word_1_149' title='bbox 1229 2299 1294 2342; x_wconf 89' lang='lat' dir='ltr'><strong>non</strong></span> <span class='ocrx_word' id='word_1_150' title='bbox 1315 2276 1409 2362; x_wconf 89' lang='lat' dir='ltr'><strong>graui</strong></span> <span class='ocrx_word' id='word_1_151' title='bbox 1431 2273 1535 2340; x_wconf 88' lang='lat' dir='ltr'><strong>ulceri</strong></span> <span class='ocrx_word' id='word_1_152' title='bbox 1561 2274 1619 2338; x_wconf 90' lang='lat' dir='ltr'><strong>sed</strong></span> <span class='ocrx_word' id='word_1_153' title='bbox 1636 2272 1752 2339; x_wconf 90' lang='lat' dir='ltr'><strong>leuiori</strong></span> <span class='ocrx_word' id='word_1_154' title='bbox 1774 2275 1905 2340; x_wconf 91' lang='lat' dir='ltr'><strong>cuidam</strong></span> <span class='ocrx_word' id='word_1_155' title='bbox 1927 2272 2044 2361; x_wconf 87' lang='lat' dir='ltr'><strong>plagae</strong></span> <span class='ocrx_word' id='word_1_156' title='bbox 2072 2275 2196 2338; x_wconf 83' lang='lat' dir='ltr'><strong>mederi</strong></span> <span class='ocrx_word' id='word_1_157' title='bbox 2224 2277 2250 2338; x_wconf 87' lang='lat' dir='ltr'><strong>si</strong></span> 
     </span>
    </p>
   </div>
   <div class='ocr_carea' id='block_1_6' title="bbox 465 2389 2252 2600">
    <p class='ocr_par' dir='ltr' id='par_1_6' title="bbox 465 2389 2252 2600">
     <span class='ocr_line' id='line_1_15' title="bbox 465 2389 2252 2480; baseline 0.003 -28"><span class='ocrx_word' id='word_1_158' title='bbox 465 2397 577 2474; x_wconf 87' lang='lat' dir='ltr'><strong>potero</strong></span> <span class='ocrx_word' id='word_1_159' title='bbox 600 2389 826 2476; x_wconf 90' lang='lat' dir='ltr'><strong>periclitabor:</strong></span> <span class='ocrx_word' id='word_1_160' title='bbox 854 2393 910 2478; x_wconf 93' lang='lat' dir='ltr'><strong>qui</strong></span> <span class='ocrx_word' id='word_1_161' title='bbox 936 2391 1003 2457; x_wconf 86' lang='lat' dir='ltr'><strong>VII</strong></span> <span class='ocrx_word' id='word_1_162' title='bbox 1023 2397 1053 2478; x_wconf 89' lang='lat'><strong>6,</strong></span> <span class='ocrx_word' id='word_1_163' title='bbox 1078 2399 1088 2456; x_wconf 85' lang='lat'>1</span> <span class='ocrx_word' id='word_1_164' title='bbox 1115 2416 1179 2480; x_wconf 92' lang='lat' dir='ltr'><strong>quo</strong></span> <span class='ocrx_word' id='word_1_165' title='bbox 1202 2392 1451 2458; x_wconf 75' lang='lat' dir='ltr'><strong>‘abominandas</strong></span> <span class='ocrx_word' id='word_1_166' title='bbox 1474 2393 1681 2458; x_wconf 86' lang='lat' dir='ltr'><strong>necessitatis</strong></span> <span class='ocrx_word' id='word_1_167' title='bbox 1709 2395 1933 2458; x_wconf 89' lang='lat' dir='ltr'><strong>amarissimae</strong></span> <span class='ocrx_word' id='word_1_168' title='bbox 1962 2393 2064 2478; x_wconf 87' lang='lat' dir='ltr'><strong>loges’</strong></span> <span class='ocrx_word' id='word_1_169' title='bbox 2089 2393 2252 2464; x_wconf 82' lang='lat' dir='ltr'><strong>inlustret,</strong></span> 
     </span>
     <span class='ocr_line' id='line_1_16' title="bbox 465 2505 1306 2600; baseline 0.01 -32"><span class='ocrx_word' id='word_1_170' title='bbox 465 2507 498 2569; x_wconf 90' lang='lat' dir='ltr'><strong>iu</strong></span> <span class='ocrx_word' id='word_1_171' title='bbox 521 2507 592 2594; x_wconf 88' lang='lat' dir='ltr'><strong>ipso</strong></span> <span class='ocrx_word' id='word_1_172' title='bbox 613 2505 725 2574; x_wconf 90' lang='lat' dir='ltr'><strong>limine</strong></span> <span class='ocrx_word' id='word_1_173' title='bbox 746 2511 865 2596; x_wconf 90' lang='lat' dir='ltr'><strong>capitis</strong></span> <span class='ocrx_word' id='word_1_174' title='bbox 887 2511 948 2576; x_wconf 91' lang='lat' dir='ltr'><strong>hoe</strong></span> <span class='ocrx_word' id='word_1_175' title='bbox 969 2534 1051 2577; x_wconf 89' lang='lat' dir='ltr'><strong>usus</strong></span> <span class='ocrx_word' id='word_1_176' title='bbox 1071 2523 1121 2577; x_wconf 91' lang='lat' dir='ltr'><strong>est</strong></span> <span class='ocrx_word' id='word_1_177' title='bbox 1142 2511 1306 2600; x_wconf 83' lang='lat' dir='ltr'><strong>exemplo:</strong></span> 
     </span>
    </p>
   </div>
   <div class='ocr_carea' id='block_1_7' title="bbox 466 2643 2252 4516">
    <p class='ocr_par' dir='ltr' id='par_1_7' title="bbox 466 2643 2252 4516">
     <span class='ocr_line' id='line_1_17' title="bbox 630 2643 2252 2735; baseline 0.003 -28"><span class='ocrx_word' id='word_1_178' title='bbox 630 2643 713 2708; x_wconf 89' lang='lat' dir='ltr'><strong>Nam</strong></span> <span class='ocrx_word' id='word_1_179' title='bbox 741 2643 864 2733; x_wconf 90' lang='lat' dir='ltr'><strong>aliquot</strong></span> <span class='ocrx_word' id='word_1_180' title='bbox 890 2646 1038 2712; x_wconf 89' lang='lat' dir='ltr'><strong>aduersis</strong></span> <span class='ocrx_word' id='word_1_181' title='bbox 1060 2645 1195 2735; x_wconf 90' lang='lat' dir='ltr'><strong>proeliis</strong></span> <span class='ocrx_word' id='word_1_182' title='bbox 1218 2649 1360 2714; x_wconf 89' lang='lat' dir='ltr'><strong>secundo</strong></span> <span class='ocrx_word' id='word_1_183' title='bbox 1388 2648 1513 2712; x_wconf 90' lang='lat' dir='ltr'><strong>Punico</strong></span> <span class='ocrx_word' id='word_1_184' title='bbox 1535 2647 1622 2712; x_wconf 92' lang='lat' dir='ltr'><strong>bello</strong></span> <span class='ocrx_word' id='word_1_185' title='bbox 1646 2648 1807 2713; x_wconf 79' lang='lat' dir='ltr'><strong>exhamta</strong></span> <span class='ocrx_word' id='word_1_186' title='bbox 1835 2646 1969 2711; x_wconf 86' lang='lat' dir='ltr'><strong>militari</strong></span> <span class='ocrx_word' id='word_1_187' title='bbox 1998 2648 2167 2712; x_wconf 88' lang='lat' dir='ltr'><strong>iuuentute</strong></span> <span class='ocrx_word' id='word_1_188' title='bbox 2189 2649 2252 2712; x_wconf 89' lang='lat' dir='ltr'><strong>Ro·</strong></span> 
     </span>
     <span class='ocr_line' id='line_1_18' title="bbox 631 2765 2252 2854; baseline 0.003 -27"><span class='ocrx_word' id='word_1_189' title='bbox 631 2783 743 2848; x_wconf 89' lang='lat' dir='ltr'><strong>mana,</strong></span> <span class='ocrx_word' id='word_1_190' title='bbox 763 2775 896 2830; x_wconf 90' lang='lat' dir='ltr'><strong>senatus</strong></span> <span class='ocrx_word' id='word_1_191' title='bbox 918 2779 1048 2832; x_wconf 88' lang='lat' dir='ltr'><strong>anctore</strong></span> <span class='ocrx_word' id='word_1_192' title='bbox 1069 2765 1121 2830; x_wconf 89' lang='lat' dir='ltr'><strong>Ti.</strong></span> <span class='ocrx_word' id='word_1_193' title='bbox 1146 2767 1297 2832; x_wconf 86' lang='lat' dir='ltr'><strong>Graccho</strong></span> <span class='ocrx_word' id='word_1_194' title='bbox 1324 2767 1457 2834; x_wconf 90' lang='lat' dir='ltr'><strong>consule</strong></span> <span class='ocrx_word' id='word_1_195' title='bbox 1485 2767 1614 2831; x_wconf 89' lang='lat' dir='ltr'><strong>censuit</strong></span> <span class='ocrx_word' id='word_1_196' title='bbox 1635 2768 1684 2830; x_wconf 89' lang='lat' dir='ltr'><strong>uti</strong></span> <span class='ocrx_word' id='word_1_197' title='bbox 1708 2766 1838 2853; x_wconf 93' lang='lat' dir='ltr'><strong>publice</strong></span> <span class='ocrx_word' id='word_1_198' title='bbox 1868 2766 1953 2830; x_wconf 88' lang='lat' dir='ltr'><strong>serui</strong></span> <span class='ocrx_word' id='word_1_199' title='bbox 1985 2766 2160 2830; x_wconf 89' lang='lat' dir='ltr'><strong>aduersum</strong></span> <span class='ocrx_word' id='word_1_200' title='bbox 2182 2791 2252 2854; x_wconf 92' lang='lat' dir='ltr'><strong>pro·</strong></span> 
     </span>
     <span class='ocr_line' id='line_1_19' title="bbox 632 2881 2252 2974; baseline 0.001 -27"><span class='ocrx_word' id='word_1_201' title='bbox 632 2881 865 2970; x_wconf 88' lang='lat' dir='ltr'><strong>pulsandorum</strong></span> <span class='ocrx_word' id='word_1_202' title='bbox 887 2884 1028 2950; x_wconf 91' lang='lat' dir='ltr'><strong>hostium</strong></span> <span class='ocrx_word' id='word_1_203' title='bbox 1051 2888 1206 2973; x_wconf 90' lang='lat' dir='ltr'><strong>impetum</strong></span> <span class='ocrx_word' id='word_1_204' title='bbox 1228 2897 1426 2968; x_wconf 86' lang='lat' dir='ltr'><strong>emerentur,</strong></span> <span class='ocrx_word' id='word_1_205' title='bbox 1450 2908 1552 2974; x_wconf 88' lang='lat' dir='ltr'><strong>eaque</strong></span> <span class='ocrx_word' id='word_1_206' title='bbox 1572 2885 1612 2950; x_wconf 88' lang='lat' dir='ltr'><strong>de</strong></span> <span class='ocrx_word' id='word_1_207' title='bbox 1638 2907 1673 2950; x_wconf 90' lang='lat' dir='ltr'><strong>re</strong></span> <span class='ocrx_word' id='word_1_208' title='bbox 1695 2907 1754 2972; x_wconf 90' lang='lat' dir='ltr'><strong>per</strong></span> <span class='ocrx_word' id='word_1_209' title='bbox 1770 2883 1922 2949; x_wconf 89' lang='lat' dir='ltr'><strong>tribunos</strong></span> <span class='ocrx_word' id='word_1_210' title='bbox 1949 2883 2056 2972; x_wconf 89' lang='lat' dir='ltr'><strong>plebis</strong></span> <span class='ocrx_word' id='word_1_211' title='bbox 2083 2885 2170 2972; x_wconf 90' lang='lat' dir='ltr'><strong>apud</strong></span> <span class='ocrx_word' id='word_1_212' title='bbox 2196 2909 2252 2972; x_wconf 93' lang='lat' dir='ltr'><strong>po-</strong></span> 
     </span>
     <span class='ocr_line' id='line_1_20' title="bbox 630 3001 2252 3093; baseline 0.001 -27"><span class='ocrx_word' id='word_1_213' title='bbox 630 3001 742 3088; x_wconf 89' lang='lat' dir='ltr'><strong>pulum</strong></span> <span class='ocrx_word' id='word_1_214' title='bbox 767 3002 834 3066; x_wconf 90' lang='lat' dir='ltr'><strong>lata</strong></span> <span class='ocrx_word' id='word_1_215' title='bbox 858 3005 1026 3088; x_wconf 89' lang='lat' dir='ltr'><strong>rogatione</strong></span> <span class='ocrx_word' id='word_1_216' title='bbox 1047 3014 1113 3069; x_wconf 88' lang='lat' dir='ltr'><strong>tres</strong></span> <span class='ocrx_word' id='word_1_217' title='bbox 1135 3007 1237 3070; x_wconf 91' lang='lat' dir='ltr'><strong>creati</strong></span> <span class='ocrx_word' id='word_1_218' title='bbox 1271 3017 1346 3072; x_wconf 89' lang='lat' dir='ltr'><strong>sunt</strong></span> <span class='ocrx_word' id='word_1_219' title='bbox 1375 3005 1455 3086; x_wconf 90' lang='lat' dir='ltr'><strong>uiri,</strong></span> <span class='ocrx_word' id='word_1_220' title='bbox 1491 3007 1549 3092; x_wconf 92' lang='lat' dir='ltr'><strong>qui</strong></span> <span class='ocrx_word' id='word_1_221' title='bbox 1582 3014 1735 3093; x_wconf 87' lang='lat' dir='ltr'><strong>quattuor</strong></span> <span class='ocrx_word' id='word_1_222' title='bbox 1766 3013 1800 3068; x_wconf 90' lang='lat' dir='ltr'><strong>et</strong></span> <span class='ocrx_word' id='word_1_223' title='bbox 1829 3004 1949 3088; x_wconf 90' lang='lat' dir='ltr'><strong>uiginti</strong></span> <span class='ocrx_word' id='word_1_224' title='bbox 1974 3003 2065 3067; x_wconf 90' lang='lat' dir='ltr'><strong>milia</strong></span> <span class='ocrx_word' id='word_1_225' title='bbox 2087 3027 2252 3069; x_wconf 89' lang='lat' dir='ltr'><strong>seruorum</strong></span> 
     </span>
     <span class='ocr_line' id='line_1_21' title="bbox 633 3121 2251 3210; baseline 0 -24"><span class='ocrx_word' id='word_1_226' title='bbox 633 3131 906 3208; x_wconf 88' lang='lat' dir='ltr'><strong>conparauerunt,</strong></span> <span class='ocrx_word' id='word_1_227' title='bbox 932 3123 1129 3210; x_wconf 83' lang='lat' dir='ltr'><strong>adactosque</strong></span> <span class='ocrx_word' id='word_1_228' title='bbox 1158 3125 1227 3188; x_wconf 89' lang='lat' dir='ltr'><strong>iure</strong></span> <span class='ocrx_word' id='word_1_229' title='bbox 1255 3123 1391 3188; x_wconf 90' lang='lat' dir='ltr'><strong>iurando</strong></span> <span class='ocrx_word' id='word_1_230' title='bbox 1414 3133 1579 3188; x_wconf 74' lang='lat' dir='ltr'><strong>suenuam</strong></span> <span class='ocrx_word' id='word_1_231' title='bbox 1602 3145 1636 3187; x_wconf 86' lang='lat' dir='ltr'><strong>se</strong></span> <span class='ocrx_word' id='word_1_232' title='bbox 1659 3123 1840 3209; x_wconf 83' lang='lat' dir='ltr'><strong>fortemque</strong></span> <span class='ocrx_word' id='word_1_233' title='bbox 1863 3143 1994 3209; x_wconf 91' lang='lat' dir='ltr'><strong>operam</strong></span> <span class='ocrx_word' id='word_1_234' title='bbox 2010 3121 2154 3204; x_wconf 89' lang='lat' dir='ltr'><strong>daturos,</strong></span> <span class='ocrx_word' id='word_1_235' title='bbox 2175 3143 2251 3208; x_wconf 91' lang='lat' dir='ltr'><strong>quo-</strong></span> 
     </span>
     <span class='ocr_line' id='line_1_22' title="bbox 631 3237 1738 3324; baseline 0.002 -22"><span class='ocrx_word' id='word_1_236' title='bbox 631 3239 673 3302; x_wconf 91' lang='lat' dir='ltr'><strong>ad</strong></span> <span class='ocrx_word' id='word_1_237' title='bbox 696 3237 797 3304; x_wconf 91' lang='lat' dir='ltr'><strong>Poeni</strong></span> <span class='ocrx_word' id='word_1_238' title='bbox 820 3251 930 3304; x_wconf 89' lang='lat' dir='ltr'><strong>essent</strong></span> <span class='ocrx_word' id='word_1_239' title='bbox 951 3242 987 3306; x_wconf 90' lang='lat' dir='ltr'><strong>in</strong></span> <span class='ocrx_word' id='word_1_240' title='bbox 1005 3241 1120 3324; x_wconf 90' lang='lat' dir='ltr'><strong>Italia,</strong></span> <span class='ocrx_word' id='word_1_241' title='bbox 1145 3241 1262 3307; x_wconf 90' lang='lat' dir='ltr'><strong>datura</strong></span> <span class='ocrx_word' id='word_1_242' title='bbox 1279 3263 1369 3307; x_wconf 90' lang='lat' dir='ltr'><strong>arma</strong></span> <span class='ocrx_word' id='word_1_243' title='bbox 1386 3244 1420 3306; x_wconf 92' lang='lat' dir='ltr'><strong>in</strong></span> <span class='ocrx_word' id='word_1_244' title='bbox 1442 3253 1550 3306; x_wconf 88' lang='lat' dir='ltr'><strong>castra</strong></span> <span class='ocrx_word' id='word_1_245' title='bbox 1568 3243 1738 3306; x_wconf 87' lang='lat' dir='ltr'><strong>miserunt.</strong></span> 
     </span>
     <span class='ocr_line' id='line_1_23' title="bbox 466 3352 2252 3447; baseline 0.002 -31"><span class='ocrx_word' id='word_1_246' title='bbox 466 3352 567 3419; x_wconf 92' lang='lat' dir='ltr'><strong>Vides</strong></span> <span class='ocrx_word' id='word_1_247' title='bbox 586 3358 621 3420; x_wconf 92' lang='lat' dir='ltr'><strong>in</strong></span> <span class='ocrx_word' id='word_1_248' title='bbox 640 3379 704 3444; x_wconf 90' lang='lat' dir='ltr'><strong>qno</strong></span> <span class='ocrx_word' id='word_1_249' title='bbox 725 3360 891 3424; x_wconf 87' lang='lat' dir='ltr'><strong>haeream:</strong></span> <span class='ocrx_word' id='word_1_250' title='bbox 914 3360 1009 3424; x_wconf 92' lang='lat' dir='ltr'><strong>nihili</strong></span> <span class='ocrx_word' id='word_1_251' title='bbox 1041 3364 1127 3426; x_wconf 87' lang='lat' dir='ltr'><strong>euim</strong></span> <span class='ocrx_word' id='word_1_252' title='bbox 1154 3360 1234 3424; x_wconf 89' lang='lat' dir='ltr'><strong>haec</strong></span> <span class='ocrx_word' id='word_1_253' title='bbox 1257 3373 1333 3426; x_wconf 87' lang='lat' dir='ltr'><strong>sunt</strong></span> <span class='ocrx_word' id='word_1_254' title='bbox 1362 3361 1506 3425; x_wconf 89' lang='lat' dir='ltr'><strong>datura</strong></span> <span class='ocrx_word' id='word_1_255' title='bbox 1532 3381 1653 3442; x_wconf 88' lang='lat' dir='ltr'><strong>arma,</strong></span> <span class='ocrx_word' id='word_1_256' title='bbox 1683 3381 1766 3447; x_wconf 88' lang='lat' dir='ltr'><strong>quae</strong></span> <span class='ocrx_word' id='word_1_257' title='bbox 1788 3381 1876 3424; x_wconf 90' lang='lat' dir='ltr'><strong>more</strong></span> <span class='ocrx_word' id='word_1_258' title='bbox 1898 3382 1956 3424; x_wconf 86' lang='lat' dir='ltr'><strong>suo</strong></span> <span class='ocrx_word' id='word_1_259' title='bbox 1980 3359 2149 3446; x_wconf 90' lang='lat' dir='ltr'><strong>Kemptius</strong></span> <span class='ocrx_word' id='word_1_260' title='bbox 2172 3371 2252 3422; x_wconf 89' lang='lat' dir='ltr'><strong>tam-</strong></span> 
     </span>
     <span class='ocr_line' id='line_1_24' title="bbox 466 3476 2252 3567; baseline 0.001 -30"><span class='ocrx_word' id='word_1_261' title='bbox 466 3495 562 3560; x_wconf 88' lang='lat' dir='ltr'><strong>quam</strong></span> <span class='ocrx_word' id='word_1_262' title='bbox 581 3476 749 3564; x_wconf 82' lang='lat' dir='ltr'><strong>archetypi</strong></span> <span class='ocrx_word' id='word_1_263' title='bbox 770 3479 964 3566; x_wconf 89' lang='lat' dir='ltr'><strong>scripturam</strong></span> <span class='ocrx_word' id='word_1_264' title='bbox 988 3481 1022 3544; x_wconf 89' lang='lat' dir='ltr'><strong>in</strong></span> <span class='ocrx_word' id='word_1_265' title='bbox 1044 3489 1137 3544; x_wconf 87' lang='lat' dir='ltr'><strong>textu</strong></span> <span class='ocrx_word' id='word_1_266' title='bbox 1159 3481 1314 3567; x_wconf 90' lang='lat' dir='ltr'><strong>reposuit.</strong></span> <span class='ocrx_word' id='word_1_267' title='bbox 1359 3478 1547 3543; x_wconf 83' lang='lat' dir='ltr'><strong>Sententiae</strong></span> <span class='ocrx_word' id='word_1_268' title='bbox 1567 3487 1600 3544; x_wconf 91' lang='lat' dir='ltr'><strong>et</strong></span> <span class='ocrx_word' id='word_1_269' title='bbox 1621 3479 1776 3544; x_wconf 90' lang='lat' dir='ltr'><strong>conuenit</strong></span> <span class='ocrx_word' id='word_1_270' title='bbox 1794 3489 1827 3543; x_wconf 90' lang='lat' dir='ltr'><strong>et</strong></span> <span class='ocrx_word' id='word_1_271' title='bbox 1849 3480 1930 3543; x_wconf 92' lang='lat' dir='ltr'><strong>satis</strong></span> <span class='ocrx_word' id='word_1_272' title='bbox 1946 3479 2046 3558; x_wconf 85' lang='lat' dir='ltr'><strong>facit,</strong></span> <span class='ocrx_word' id='word_1_273' title='bbox 2062 3477 2149 3564; x_wconf 87' lang='lat' dir='ltr'><strong>quod</strong></span> <span class='ocrx_word' id='word_1_274' title='bbox 2168 3499 2252 3540; x_wconf 84' lang='lat' dir='ltr'><strong>nnus</strong></span> 
     </span>
     <span class='ocr_line' id='line_1_25' title="bbox 466 3591 2252 3685; baseline 0.001 -31"><span class='ocrx_word' id='word_1_275' title='bbox 466 3591 644 3682; x_wconf 85' lang='lat' dir='ltr'><strong>oKemptii</strong></span> <span class='ocrx_word' id='word_1_276' title='bbox 667 3593 760 3662; x_wconf 88' lang='lat' dir='ltr'><strong>libris</strong></span> <span class='ocrx_word' id='word_1_277' title='bbox 786 3598 842 3684; x_wconf 86' lang='lat' dir='ltr'><strong>(E)</strong></span> <span class='ocrx_word' id='word_1_278' title='bbox 866 3619 905 3662; x_wconf 91' lang='lat' dir='ltr'><strong>ac</strong></span> <span class='ocrx_word' id='word_1_279' title='bbox 925 3597 1075 3663; x_wconf 83' lang='lat' dir='ltr'><strong>Torrenii</strong></span> <span class='ocrx_word' id='word_1_280' title='bbox 1098 3597 1200 3664; x_wconf 90' lang='lat' dir='ltr'><strong>editio</strong></span> <span class='ocrx_word' id='word_1_281' title='bbox 1222 3597 1394 3685; x_wconf 87' lang='lat' dir='ltr'><strong>praebent:</strong></span> <span class='ocrx_word' id='word_1_282' title='bbox 1418 3596 1534 3662; x_wconf 90' lang='lat' dir='ltr'><strong>datis</strong></span> <span class='ocrx_word' id='word_1_283' title='bbox 1558 3598 1699 3662; x_wconf 88' lang='lat' dir='ltr'><strong>armis:</strong></span> <span class='ocrx_word' id='word_1_284' title='bbox 1720 3595 1809 3684; x_wconf 89' lang='lat' dir='ltr'><strong>qnod</strong></span> <span class='ocrx_word' id='word_1_285' title='bbox 1830 3599 2035 3662; x_wconf 83' lang='lat' dir='ltr'><strong>restituerem</strong></span> <span class='ocrx_word' id='word_1_286' title='bbox 2057 3593 2205 3677; x_wconf 83' lang='lat' dir='ltr'><strong>Valerio,</strong></span> <span class='ocrx_word' id='word_1_287' title='bbox 2225 3595 2252 3656; x_wconf 85' lang='lat' dir='ltr'><strong>si</strong></span> 
     </span>
     <span class='ocr_line' id='line_1_26' title="bbox 466 3713 2252 3805; baseline 0.004 -30"><span class='ocrx_word' id='word_1_288' title='bbox 466 3713 553 3776; x_wconf 91' lang='lat' dir='ltr'><strong>uiam</strong></span> <span class='ocrx_word' id='word_1_289' title='bbox 578 3713 788 3800; x_wconf 89' lang='lat' dir='ltr'><strong>dispicerem,</strong></span> <span class='ocrx_word' id='word_1_290' title='bbox 808 3738 873 3804; x_wconf 90' lang='lat' dir='ltr'><strong>qua</strong></span> <span class='ocrx_word' id='word_1_291' title='bbox 896 3717 977 3782; x_wconf 93' lang='lat' dir='ltr'><strong>illud</strong></span> <span class='ocrx_word' id='word_1_292' title='bbox 999 3719 1033 3782; x_wconf 88' lang='lat' dir='ltr'><strong>in</strong></span> <span class='ocrx_word' id='word_1_293' title='bbox 1063 3717 1233 3805; x_wconf 89' lang='lat' dir='ltr'><strong>archetypi</strong></span> <span class='ocrx_word' id='word_1_294' title='bbox 1260 3715 1476 3803; x_wconf 87' lang='lat' dir='ltr'><strong>corruptelam</strong></span> <span class='ocrx_word' id='word_1_295' title='bbox 1497 3715 1631 3778; x_wconf 88' lang='lat' dir='ltr'><strong>abisset.</strong></span> <span class='ocrx_word' id='word_1_296' title='bbox 1675 3713 1771 3778; x_wconf 87' lang='lat' dir='ltr'><strong>Nunc</strong></span> <span class='ocrx_word' id='word_1_297' title='bbox 1796 3713 1885 3779; x_wconf 90' lang='lat' dir='ltr'><strong>aliud</strong></span> <span class='ocrx_word' id='word_1_298' title='bbox 1913 3713 2252 3802; x_wconf 78' lang='lat' dir='ltr'><strong>circumspiciendum,</strong></span> 
     </span>
     <span class='ocr_line' id='line_1_27' title="bbox 466 3831 2251 3925; baseline 0.001 -33"><span class='ocrx_word' id='word_1_299' title='bbox 466 3852 539 3894; x_wconf 90' lang='lat' dir='ltr'><strong>cum</strong></span> <span class='ocrx_word' id='word_1_300' title='bbox 559 3843 591 3895; x_wconf 89' lang='lat' dir='ltr'><strong>et</strong></span> <span class='ocrx_word' id='word_1_301' title='bbox 608 3831 705 3916; x_wconf 90' lang='lat' dir='ltr'><strong>illud,</strong></span> <span class='ocrx_word' id='word_1_302' title='bbox 728 3833 815 3921; x_wconf 89' lang='lat' dir='ltr'><strong>quod</strong></span> <span class='ocrx_word' id='word_1_303' title='bbox 836 3837 976 3924; x_wconf 88' lang='lat' dir='ltr'><strong>aperito</strong></span> <span class='ocrx_word' id='word_1_304' title='bbox 998 3839 1186 3925; x_wconf 89' lang='lat' dir='ltr'><strong>ceteroquin</strong></span> <span class='ocrx_word' id='word_1_305' title='bbox 1200 3836 1378 3901; x_wconf 87' lang='lat' dir='ltr'><strong>Bemensis</strong></span> <span class='ocrx_word' id='word_1_306' title='bbox 1395 3843 1575 3898; x_wconf 89' lang='lat' dir='ltr'><strong>correctore</strong></span> <span class='ocrx_word' id='word_1_307' title='bbox 1596 3832 1733 3921; x_wconf 88' lang='lat' dir='ltr'><strong>prodiit,</strong></span> <span class='ocrx_word' id='word_1_308' title='bbox 1759 3832 1918 3899; x_wconf 89' lang='lat' dir='ltr'><strong>laturos</strong></span> <span class='ocrx_word' id='word_1_309' title='bbox 1941 3856 2068 3915; x_wconf 87' lang='lat' dir='ltr'><strong>arma,</strong></span> <span class='ocrx_word' id='word_1_310' title='bbox 2090 3833 2155 3896; x_wconf 88' lang='lat' dir='ltr'><strong>nisi</strong></span> <span class='ocrx_word' id='word_1_311' title='bbox 2178 3855 2251 3895; x_wconf 88' lang='lat' dir='ltr'><strong>con-</strong></span> 
     </span>
     <span class='ocr_line' id='line_1_28' title="bbox 468 3951 2250 4044; baseline 0.001 -32"><span class='ocrx_word' id='word_1_312' title='bbox 468 3951 586 4014; x_wconf 84' lang='lat' dir='ltr'><strong>tortula</strong></span> <span class='ocrx_word' id='word_1_313' title='bbox 608 3953 826 4039; x_wconf 75' lang='lat' dir='ltr'><strong>explicatione</strong></span> <span class='ocrx_word' id='word_1_314' title='bbox 848 3954 982 4020; x_wconf 83' lang='lat' dir='ltr'><strong>defendi</strong></span> <span class='ocrx_word' id='word_1_315' title='bbox 1004 3978 1069 4022; x_wconf 93' lang='lat' dir='ltr'><strong>non</strong></span> <span class='ocrx_word' id='word_1_316' title='bbox 1090 3957 1205 4044; x_wconf 86' lang='lat' dir='ltr'><strong>possit.</strong></span> <span class='ocrx_word' id='word_1_317' title='bbox 1251 3955 1323 4040; x_wconf 82' lang='lat' dir='ltr'><strong>Ego</strong></span> <span class='ocrx_word' id='word_1_318' title='bbox 1346 3953 1423 4018; x_wconf 89' lang='lat' dir='ltr'><strong>dum</strong></span> <span class='ocrx_word' id='word_1_319' title='bbox 1438 3952 1657 4018; x_wconf 89' lang='lat' dir='ltr'><strong>conditionem</strong></span> <span class='ocrx_word' id='word_1_320' title='bbox 1674 3953 1737 4018; x_wconf 89' lang='lat' dir='ltr'><strong>loci</strong></span> <span class='ocrx_word' id='word_1_321' title='bbox 1754 3965 1787 4017; x_wconf 90' lang='lat' dir='ltr'><strong>ct</strong></span> <span class='ocrx_word' id='word_1_322' title='bbox 1808 3953 1975 4040; x_wconf 84' lang='lat' dir='ltr'><strong>archetypi</strong></span> <span class='ocrx_word' id='word_1_323' title='bbox 1996 3952 2109 4018; x_wconf 87' lang='lat' dir='ltr'><strong>sordes</strong></span> <span class='ocrx_word' id='word_1_324' title='bbox 2125 3959 2250 4037; x_wconf 91' lang='lat' dir='ltr'><strong>reputo,</strong></span> 
     </span>
     <span class='ocr_line' id='line_1_29' title="bbox 467 4065 2251 4159; baseline 0.001 -31"><span class='ocrx_word' id='word_1_325' title='bbox 467 4065 590 4132; x_wconf 84' lang='lat' dir='ltr'><strong>Valerii</strong></span> <span class='ocrx_word' id='word_1_326' title='bbox 614 4093 746 4135; x_wconf 91' lang='lat' dir='ltr'><strong>manum</strong></span> <span class='ocrx_word' id='word_1_327' title='bbox 775 4073 822 4137; x_wconf 89' lang='lat' dir='ltr'><strong>sic</strong></span> <span class='ocrx_word' id='word_1_328' title='bbox 850 4073 965 4138; x_wconf 88' lang='lat' dir='ltr'><strong>uideor</strong></span> <span class='ocrx_word' id='word_1_329' title='bbox 990 4077 1163 4140; x_wconf 88' lang='lat' dir='ltr'><strong>suscitare:</strong></span> <span class='ocrx_word' id='word_1_330' title='bbox 1190 4073 1317 4138; x_wconf 84' lang='lat' dir='ltr'><strong>DATA</strong></span> <span class='ocrx_word' id='word_1_331' title='bbox 1346 4070 1615 4154; x_wconf 83' lang='lat' dir='ltr'><strong>ARMATVRA,</strong></span> <span class='ocrx_word' id='word_1_332' title='bbox 1645 4095 1683 4137; x_wconf 90' lang='lat' dir='ltr'><strong>eo</strong></span> <span class='ocrx_word' id='word_1_333' title='bbox 1712 4094 1812 4136; x_wconf 87' lang='lat' dir='ltr'><strong>sensu</strong></span> <span class='ocrx_word' id='word_1_334' title='bbox 1839 4093 1903 4159; x_wconf 91' lang='lat' dir='ltr'><strong>quo</strong></span> <span class='ocrx_word' id='word_1_335' title='bbox 1937 4072 2114 4138; x_wconf 88' lang='lat' dir='ltr'><strong>Torrenins</strong></span> <span class='ocrx_word' id='word_1_336' title='bbox 2141 4069 2251 4133; x_wconf 88' lang='lat' dir='ltr'><strong>datis</strong></span> 
     </span>
     <span class='ocr_line' id='line_1_30' title="bbox 468 4188 2250 4281; baseline 0 -31"><span class='ocrx_word' id='word_1_337' title='bbox 468 4188 589 4251; x_wconf 90' lang='lat' dir='ltr'><strong>armis</strong></span> <span class='ocrx_word' id='word_1_338' title='bbox 612 4189 753 4257; x_wconf 87' lang='lat' dir='ltr'><strong>retinxit.</strong></span> <span class='ocrx_word' id='word_1_339' title='bbox 794 4191 904 4256; x_wconf 90' lang='lat' dir='ltr'><strong>Licuit</strong></span> <span class='ocrx_word' id='word_1_340' title='bbox 922 4195 1009 4258; x_wconf 91' lang='lat' dir='ltr'><strong>enim</strong></span> <span class='ocrx_word' id='word_1_341' title='bbox 1030 4205 1067 4260; x_wconf 92' lang='lat' dir='ltr'><strong>ut</strong></span> <span class='ocrx_word' id='word_1_342' title='bbox 1087 4203 1166 4281; x_wconf 89' lang='lat' dir='ltr'><strong>puto</strong></span> <span class='ocrx_word' id='word_1_343' title='bbox 1178 4192 1310 4260; x_wconf 88' lang='lat' dir='ltr'><strong>Valerio</strong></span> <span class='ocrx_word' id='word_1_344' title='bbox 1332 4193 1465 4260; x_wconf 90' lang='lat' dir='ltr'><strong>rarioris</strong></span> <span class='ocrx_word' id='word_1_345' title='bbox 1484 4189 1636 4255; x_wconf 87' lang='lat' dir='ltr'><strong>dictionis</strong></span> <span class='ocrx_word' id='word_1_346' title='bbox 1654 4192 1818 4280; x_wconf 90' lang='lat' dir='ltr'><strong>inprimis</strong></span> <span class='ocrx_word' id='word_1_347' title='bbox 1838 4191 1999 4272; x_wconf 88' lang='lat' dir='ltr'><strong>studioso,</strong></span> <span class='ocrx_word' id='word_1_348' title='bbox 2021 4211 2135 4254; x_wconf 91' lang='lat' dir='ltr'><strong>uocem</strong></span> <span class='ocrx_word' id='word_1_349' title='bbox 2155 4189 2250 4251; x_wconf 89' lang='lat' dir='ltr'><strong>istam</strong></span> 
     </span>
     <span class='ocr_line' id='line_1_31' title="bbox 469 4281 2249 4396; baseline -0.001 -25"><span class='ocrx_word' id='word_1_350' title='bbox 469 4329 642 4395; x_wconf 88' lang='lat' dir='ltr'><strong>usurpare,</strong></span> <span class='ocrx_word' id='word_1_351' title='bbox 666 4331 764 4396; x_wconf 89' lang='lat' dir='ltr'><strong>qnam</strong></span> <span class='ocrx_word' id='word_1_352' title='bbox 786 4310 970 4376; x_wconf 89' lang='lat' dir='ltr'><strong>dubitarem</strong></span> <span class='ocrx_word' id='word_1_353' title='bbox 993 4335 1032 4378; x_wconf 92' lang='lat' dir='ltr'><strong>ea</strong></span> <span class='ocrx_word' id='word_1_354' title='bbox 1052 4313 1087 4377; x_wconf 92' lang='lat' dir='ltr'><strong>ui</strong></span> <span class='ocrx_word' id='word_1_355' title='bbox 1110 4315 1144 4378; x_wconf 93' lang='lat' dir='ltr'><strong>in</strong></span> <span class='ocrx_word' id='word_1_356' title='bbox 1169 4312 1377 4395; x_wconf 82' lang='lat' dir='ltr'><strong>Ciceronem,</strong></span> <span class='ocrx_word' id='word_1_357' title='bbox 1399 4311 1549 4390; x_wconf 90' lang='lat' dir='ltr'><strong>Liuium,</strong></span> <span class='ocrx_word' id='word_1_358' title='bbox 1570 4309 1652 4374; x_wconf 89' lang='lat' dir='ltr'><strong>alios</strong></span> <span class='ocrx_word' id='word_1_359' title='bbox 1675 4311 1745 4374; x_wconf 90' lang='lat' dir='ltr'><strong>eius</strong></span> <span class='ocrx_word' id='word_1_360' title='bbox 1773 4310 1890 4375; x_wconf 89' lang='lat' dir='ltr'><strong>aetatis</strong></span> <span class='ocrx_word' id='word_1_361' title='bbox 1920 4281 2095 4396; x_wconf 84' lang='lat' dir='ltr'><strong>scriptores</strong></span> <span class='ocrx_word' id='word_1_362' title='bbox 2117 4307 2249 4370; x_wconf 82' lang='lat' dir='ltr'><strong>inferre.</strong></span> 
     </span>
     <span class='ocr_line' id='line_1_32' title="bbox 470 4425 2250 4516; baseline -0.001 -27"><span class='ocrx_word' id='word_1_363' title='bbox 470 4425 541 4490; x_wconf 89' lang='lat' dir='ltr'><strong>Non</strong></span> <span class='ocrx_word' id='word_1_364' title='bbox 562 4429 714 4512; x_wconf 90' lang='lat' dir='ltr'><strong>ignorant</strong></span> <span class='ocrx_word' id='word_1_365' title='bbox 735 4429 784 4494; x_wconf 91' lang='lat' dir='ltr'><strong>illi</strong></span> <span class='ocrx_word' id='word_1_366' title='bbox 806 4429 939 4516; x_wconf 89' lang='lat' dir='ltr'><strong>quidem</strong></span> <span class='ocrx_word' id='word_1_367' title='bbox 962 4431 1044 4497; x_wconf 91' lang='lat' dir='ltr'><strong>hanc</strong></span> <span class='ocrx_word' id='word_1_368' title='bbox 1067 4455 1196 4514; x_wconf 87' lang='lat' dir='ltr'><strong>uocem,</strong></span> <span class='ocrx_word' id='word_1_369' title='bbox 1222 4431 1281 4496; x_wconf 89' lang='lat' dir='ltr'><strong>sed</strong></span> <span class='ocrx_word' id='word_1_370' title='bbox 1304 4431 1344 4496; x_wconf 90' lang='lat' dir='ltr'><strong>de</strong></span> <span class='ocrx_word' id='word_1_371' title='bbox 1370 4451 1535 4494; x_wconf 87' lang='lat' dir='ltr'><strong>armorum</strong></span> <span class='ocrx_word' id='word_1_372' title='bbox 1563 4449 1684 4513; x_wconf 86' lang='lat' dir='ltr'><strong>genere</strong></span> <span class='ocrx_word' id='word_1_373' title='bbox 1716 4451 1755 4493; x_wconf 87' lang='lat' dir='ltr'><strong>ac</strong></span> <span class='ocrx_word' id='word_1_374' title='bbox 1782 4430 1887 4494; x_wconf 83' lang='lat' dir='ltr'><strong>forma</strong></span> <span class='ocrx_word' id='word_1_375' title='bbox 1916 4436 1973 4490; x_wconf 90' lang='lat' dir='ltr'><strong>aut</strong></span> <span class='ocrx_word' id='word_1_376' title='bbox 2004 4429 2086 4513; x_wconf 90' lang='lat' dir='ltr'><strong>ipsis</strong></span> <span class='ocrx_word' id='word_1_377' title='bbox 2117 4427 2250 4490; x_wconf 85' lang='lat' dir='ltr'><strong>armatis</strong></span> 
     </span>
    </p>
   </div>
   <div class='ocr_carea' id='block_1_8' title="bbox 395 4545 2250 4638">
    <p class='ocr_par' dir='ltr' id='par_1_8' title="bbox 395 4545 2250 4638">
     <span class='ocr_line' id='line_1_33' title="bbox 395 4545 2250 4638; baseline 0 -30"><span class='ocrx_word' id='word_1_378' title='bbox 395 4617 418 4632; x_wconf 85' lang='lat'><strong>..</strong></span> <span class='ocrx_word' id='word_1_379' title='bbox 469 4554 615 4610; x_wconf 87' lang='lat' dir='ltr'><strong>utuntur.</strong></span> <span class='ocrx_word' id='word_1_380' title='bbox 661 4547 700 4612; x_wconf 90' lang='lat' dir='ltr'><strong>ln</strong></span> <span class='ocrx_word' id='word_1_381' title='bbox 723 4548 867 4629; x_wconf 87' lang='lat' dir='ltr'><strong>Valerio,</strong></span> <span class='ocrx_word' id='word_1_382' title='bbox 894 4551 1047 4636; x_wconf 90' lang='lat' dir='ltr'><strong>quoniam</strong></span> <span class='ocrx_word' id='word_1_383' title='bbox 1070 4573 1109 4614; x_wconf 88' lang='lat' dir='ltr'><strong>eo</strong></span> <span class='ocrx_word' id='word_1_384' title='bbox 1133 4549 1222 4616; x_wconf 89' lang='lat' dir='ltr'><strong>ducit</strong></span> <span class='ocrx_word' id='word_1_385' title='bbox 1245 4549 1445 4638; x_wconf 88' lang='lat' dir='ltr'><strong>corruptela,</strong></span> <span class='ocrx_word' id='word_1_386' title='bbox 1466 4571 1532 4613; x_wconf 89' lang='lat' dir='ltr'><strong>non</strong></span> <span class='ocrx_word' id='word_1_387' title='bbox 1559 4567 1676 4611; x_wconf 90' lang='lat' dir='ltr'><strong>uereor</strong></span> <span class='ocrx_word' id='word_1_388' title='bbox 1703 4569 1774 4611; x_wconf 90' lang='lat' dir='ltr'><strong>eam</strong></span> <span class='ocrx_word' id='word_1_389' title='bbox 1802 4546 1855 4611; x_wconf 91' lang='lat' dir='ltr'><strong>uel</strong></span> <span class='ocrx_word' id='word_1_390' title='bbox 1883 4548 1953 4610; x_wconf 88' lang='lat' dir='ltr'><strong>sine</strong></span> <span class='ocrx_word' id='word_1_391' title='bbox 1982 4545 2132 4632; x_wconf 86' lang='lat' dir='ltr'><strong>exemplo</strong></span> <span class='ocrx_word' id='word_1_392' title='bbox 2159 4567 2250 4631; x_wconf 87' lang='lat' dir='ltr'><strong>repo-</strong></span> 
     </span>
    </p>
   </div>
   <div class='ocr_carea' id='block_1_9' title="bbox 469 4674 2251 4824">
    <p class='ocr_par' dir='ltr' id='par_1_9' title="bbox 469 4674 2251 4824">
     <span class='ocr_line' id='line_1_34' title="bbox 469 4674 2251 4824; baseline 0.001 -31"><span class='ocrx_word' id='word_1_393' title='bbox 469 4753 556 4794; x_wconf 87' lang='lat' dir='ltr'><strong>norc.</strong></span> <span class='ocrx_word' id='word_1_394' title='bbox 607 4731 846 4821; x_wconf 88' lang='lat' dir='ltr'><strong>Deprauationi</strong></span> <span class='ocrx_word' id='word_1_395' title='bbox 883 4745 992 4802; x_wconf 89' lang='lat' dir='ltr'><strong>autem</strong></span> <span class='ocrx_word' id='word_1_396' title='bbox 1027 4739 1133 4824; x_wconf 89' lang='lat' dir='ltr'><strong>potuit</strong></span> <span class='ocrx_word' id='word_1_397' title='bbox 1168 4736 1222 4802; x_wconf 93' lang='lat' dir='ltr'><strong>uel</strong></span> <span class='ocrx_word' id='word_1_398' title='bbox 1256 4737 1337 4801; x_wconf 89' lang='lat' dir='ltr'><strong>haec</strong></span> <span class='ocrx_word' id='word_1_399' title='bbox 1366 4735 1492 4824; x_wconf 88' lang='lat' dir='ltr'><strong>species</strong></span> <span class='ocrx_word' id='word_1_400' title='bbox 1526 4674 1711 4799; x_wconf 61' lang='lat' dir='ltr'><strong>datdihhaa</strong></span> <span class='ocrx_word' id='word_1_401' title='bbox 1744 4734 1904 4818; x_wconf 89' lang='lat' dir='ltr'><strong>originem</strong></span> <span class='ocrx_word' id='word_1_402' title='bbox 1936 4732 2030 4814; x_wconf 90' lang='lat' dir='ltr'><strong>dare,</strong></span> <span class='ocrx_word' id='word_1_403' title='bbox 2065 4732 2129 4794; x_wconf 89' lang='lat' dir='ltr'><strong>nisi</strong></span> <span class='ocrx_word' id='word_1_404' title='bbox 2162 4753 2251 4794; x_wconf 88' lang='lat' dir='ltr'><strong>mera</strong></span> 
     </span>
    </p>
   </div>
   <div class='ocr_carea' id='block_1_10' title="bbox 468 4849 2250 5299">
    <p class='ocr_par' dir='ltr' id='par_1_10' title="bbox 468 4849 2250 5299">
     <span class='ocr_line' id='line_1_35' title="bbox 468 4849 2250 4952; baseline -0.001 -39"><span class='ocrx_word' id='word_1_405' title='bbox 468 4850 596 4916; x_wconf 89' lang='lat' dir='ltr'><strong>incuria</strong></span> <span class='ocrx_word' id='word_1_406' title='bbox 622 4851 747 4917; x_wconf 90' lang='lat' dir='ltr'><strong>librarii</strong></span> <span class='ocrx_word' id='word_1_407' title='bbox 776 4855 961 4918; x_wconf 89' lang='lat' dir='ltr'><strong>nicinarum</strong></span> <span class='ocrx_word' id='word_1_408' title='bbox 987 4876 1103 4920; x_wconf 89' lang='lat' dir='ltr'><strong>uocum</strong></span> <span class='ocrx_word' id='word_1_409' title='bbox 1134 4858 1218 4923; x_wconf 87' lang='lat' dir='ltr'><strong>inter</strong></span> <span class='ocrx_word' id='word_1_410' title='bbox 1250 4879 1285 4920; x_wconf 90' lang='lat' dir='ltr'><strong>se</strong></span> <span class='ocrx_word' id='word_1_411' title='bbox 1313 4857 1394 4920; x_wconf 90' lang='lat' dir='ltr'><strong>fines</strong></span> <span class='ocrx_word' id='word_1_412' title='bbox 1420 4855 1629 4942; x_wconf 88' lang='lat' dir='ltr'><strong>permutauit.</strong></span> <span class='ocrx_word' id='word_1_413' title='bbox 1675 4851 1771 4934; x_wconf 80' lang='lat' dir='ltr'><strong>Quod</strong></span> <span class='ocrx_word' id='word_1_414' title='bbox 1793 4873 1903 4952; x_wconf 81' lang='lat' dir='ltr'><strong>genus</strong></span> <span class='ocrx_word' id='word_1_415' title='bbox 1925 4849 2141 4936; x_wconf 89' lang='lat' dir='ltr'><strong>corruptionis</strong></span> <span class='ocrx_word' id='word_1_416' title='bbox 2169 4850 2250 4912; x_wconf 88' lang='lat' dir='ltr'><strong>satis</strong></span> 
     </span>
     <span class='ocr_line' id='line_1_36' title="bbox 468 4967 2250 5061; baseline 0 -29"><span class='ocrx_word' id='word_1_417' title='bbox 468 4970 677 5036; x_wconf 87' lang='lat' dir='ltr'><strong>memorabile</strong></span> <span class='ocrx_word' id='word_1_418' title='bbox 699 4969 930 5038; x_wconf 85' lang='lat' dir='ltr'><strong>Lachmannus</strong></span> <span class='ocrx_word' id='word_1_419' title='bbox 949 4975 984 5038; x_wconf 93' lang='lat' dir='ltr'><strong>in</strong></span> <span class='ocrx_word' id='word_1_420' title='bbox 1002 4975 1156 5041; x_wconf 88' lang='lat' dir='ltr'><strong>Lucretio</strong></span> <span class='ocrx_word' id='word_1_421' title='bbox 1177 4976 1287 5060; x_wconf 91' lang='lat' dir='ltr'><strong>tetigit</strong></span> <span class='ocrx_word' id='word_1_422' title='bbox 1309 4973 1358 5061; x_wconf 83' lang='grc' dir='ltr'><strong>(Π</strong></span> <span class='ocrx_word' id='word_1_423' title='bbox 1382 4971 1470 5056; x_wconf 82' lang='grc'>275),</span> <span class='ocrx_word' id='word_1_424' title='bbox 1490 4972 1525 5036; x_wconf 91' lang='lat' dir='ltr'><strong>in</strong></span> <span class='ocrx_word' id='word_1_425' title='bbox 1549 4973 1642 5038; x_wconf 89' lang='lat' dir='ltr'><strong>cuius</strong></span> <span class='ocrx_word' id='word_1_426' title='bbox 1665 4971 1759 5037; x_wconf 89' lang='lat' dir='ltr'><strong>libris</strong></span> <span class='ocrx_word' id='word_1_427' title='bbox 1782 4969 1922 5034; x_wconf 90' lang='lat' dir='ltr'><strong>subinde</strong></span> <span class='ocrx_word' id='word_1_428' title='bbox 1944 4969 1979 5032; x_wconf 89' lang='lat' dir='ltr'><strong>in</strong></span> <span class='ocrx_word' id='word_1_429' title='bbox 2007 4967 2093 5032; x_wconf 89' lang='lat' dir='ltr'><strong>hunc</strong></span> <span class='ocrx_word' id='word_1_430' title='bbox 2118 4967 2250 5032; x_wconf 89' lang='lat' dir='ltr'><strong>modum</strong></span> 
     </span>
     <span class='ocr_line' id='line_1_37' title="bbox 468 5086 2249 5179; baseline -0.003 -25"><span class='ocrx_word' id='word_1_431' title='bbox 468 5101 638 5176; x_wconf 90' lang='lat' dir='ltr'><strong>peccatum</strong></span> <span class='ocrx_word' id='word_1_432' title='bbox 659 5100 728 5173; x_wconf 88' lang='lat' dir='ltr'><strong>ost,</strong></span> <span class='ocrx_word' id='word_1_433' title='bbox 748 5101 784 5156; x_wconf 89' lang='lat' dir='ltr'><strong>nt</strong></span> <span class='ocrx_word' id='word_1_434' title='bbox 802 5115 860 5179; x_wconf 89' lang='lat' dir='ltr'><strong>pro</strong></span> <span class='ocrx_word' id='word_1_435' title='bbox 882 5093 1031 5158; x_wconf 88' lang='lat' dir='ltr'><strong>cadere</strong></span> <span class='ocrx_word' id='word_1_436' title='bbox 1054 5095 1265 5160; x_wconf 87' lang='lat' dir='ltr'><strong>interram</strong></span> <span class='ocrx_word' id='word_1_437' title='bbox 1288 5092 1485 5158; x_wconf 87' lang='lat' dir='ltr'><strong>scriberetur</strong></span> <span class='ocrx_word' id='word_1_438' title='bbox 1507 5090 1692 5156; x_wconf 88' lang='lat' dir='ltr'><strong>caderem</strong></span> <span class='ocrx_word' id='word_1_439' title='bbox 1713 5089 1757 5152; x_wconf 90' lang='lat' dir='ltr'><strong>in</strong></span> <span class='ocrx_word' id='word_1_440' title='bbox 1785 5098 1898 5154; x_wconf 89' lang='lat' dir='ltr'><strong>terra</strong></span> <span class='ocrx_word' id='word_1_441' title='bbox 1922 5097 1979 5152; x_wconf 89' lang='lat' dir='ltr'><strong>aut</strong></span> <span class='ocrx_word' id='word_1_442' title='bbox 2007 5087 2144 5151; x_wconf 90' lang='lat' dir='ltr'><strong>umida</strong></span> <span class='ocrx_word' id='word_1_443' title='bbox 2172 5086 2249 5150; x_wconf 88' lang='lat' dir='ltr'><strong>lin-</strong></span> 
     </span>
     <span class='ocr_line' id='line_1_38' title="bbox 468 5209 1164 5299; baseline 0.004 -25"><span class='ocrx_word' id='word_1_444' title='bbox 468 5209 562 5292; x_wconf 80' lang='lat' dir='ltr'><strong>guai</strong></span> <span class='ocrx_word' id='word_1_445' title='bbox 580 5219 761 5274; x_wconf 87' lang='lat' dir='ltr'><strong>mutaretur</strong></span> <span class='ocrx_word' id='word_1_446' title='bbox 782 5211 816 5276; x_wconf 90' lang='lat' dir='ltr'><strong>in</strong></span> <span class='ocrx_word' id='word_1_447' title='bbox 837 5212 987 5276; x_wconf 88' lang='lat' dir='ltr'><strong>umidai</strong></span> <span class='ocrx_word' id='word_1_448' title='bbox 1009 5211 1164 5299; x_wconf 88' lang='lat' dir='ltr'><strong>lingua.</strong></span> 
     </span>
    </p>
   </div>
   <div class='ocr_carea' id='block_1_11' title="bbox 468 5343 2249 5557">
    <p class='ocr_par' dir='ltr' id='par_1_11' title="bbox 468 5343 2249 5557">
     <span class='ocr_line' id='line_1_39' title="bbox 632 5343 2249 5434; baseline -0.005 -22"><span class='ocrx_word' id='word_1_449' title='bbox 632 5345 819 5414; x_wconf 85' lang='lat' dir='ltr'><strong>Secundum</strong></span> <span class='ocrx_word' id='word_1_450' title='bbox 829 5346 959 5434; x_wconf 87' lang='lat' dir='ltr'><strong>prodire</strong></span> <span class='ocrx_word' id='word_1_451' title='bbox 978 5347 1220 5415; x_wconf 84' lang='lat' dir='ltr'><strong>Frontonem</strong></span> <span class='ocrx_word' id='word_1_452' title='bbox 1238 5348 1333 5414; x_wconf 86' lang='lat' dir='ltr'><strong>iubeo</strong></span> <span class='ocrx_word' id='word_1_453' title='bbox 1349 5353 1385 5412; x_wconf 84' lang='lat' dir='ltr'><strong>ut</strong></span> <span class='ocrx_word' id='word_1_454' title='bbox 1402 5355 1557 5433; x_wconf 90' lang='lat' dir='ltr'><strong>temptem</strong></span> <span class='ocrx_word' id='word_1_455' title='bbox 1574 5343 1654 5432; x_wconf 90' lang='lat' dir='ltr'><strong>quid</strong></span> <span class='ocrx_word' id='word_1_456' title='bbox 1671 5344 1874 5410; x_wconf 89' lang='lat' dir='ltr'><strong>emendando</strong></span> <span class='ocrx_word' id='word_1_457' title='bbox 1893 5343 2072 5430; x_wconf 89' lang='lat' dir='ltr'><strong>proficiam.</strong></span> <span class='ocrx_word' id='word_1_458' title='bbox 2095 5343 2249 5408; x_wconf 83' lang='lat' dir='ltr'><strong>Aurelius</strong></span> 
     </span>
     <span class='ocr_line' id='line_1_40' title="bbox 468 5461 2248 5557; baseline -0.006 -25"><span class='ocrx_word' id='word_1_459' title='bbox 468 5467 591 5534; x_wconf 72' lang='lat' dir='ltr'><strong>(laesor</strong></span> <span class='ocrx_word' id='word_1_460' title='bbox 609 5467 696 5532; x_wconf 89' lang='lat' dir='ltr'><strong>enim</strong></span> <span class='ocrx_word' id='word_1_461' title='bbox 714 5465 793 5530; x_wconf 89' lang='lat' dir='ltr'><strong>haec</strong></span> <span class='ocrx_word' id='word_1_462' title='bbox 806 5465 881 5532; x_wconf 89' lang='lat' dir='ltr'><strong>libri</strong></span> <span class='ocrx_word' id='word_1_463' title='bbox 901 5465 916 5530; x_wconf 95' lang='lat' dir='ltr'>I</span> <span class='ocrx_word' id='word_1_464' title='bbox 935 5467 1029 5555; x_wconf 89' lang='lat' dir='ltr'><strong>epist.</strong></span> <span class='ocrx_word' id='word_1_465' title='bbox 1049 5467 1102 5532; x_wconf 90' lang='lat' dir='ltr'><strong>IX</strong></span> <span class='ocrx_word' id='word_1_466' title='bbox 1123 5467 1168 5557; x_wconf 92' lang='lat' dir='ltr'><strong>(p.</strong></span> <span class='ocrx_word' id='word_1_467' title='bbox 1192 5471 1228 5532; x_wconf 83' lang='lat'><strong>19</strong></span> <span class='ocrx_word' id='word_1_468' title='bbox 1248 5463 1299 5532; x_wconf 86' lang='lat' dir='ltr'><strong>ed.</strong></span> <span class='ocrx_word' id='word_1_469' title='bbox 1316 5461 1462 5542; x_wconf 71' lang='lat' dir='ltr'><strong>mediol„</strong></span> <span class='ocrx_word' id='word_1_470' title='bbox 1482 5487 1512 5552; x_wconf 94' lang='lat' dir='ltr'><strong>p.</strong></span> <span class='ocrx_word' id='word_1_471' title='bbox 1536 5469 1566 5528; x_wconf 84' lang='lat'><strong>11</strong></span> <span class='ocrx_word' id='word_1_472' title='bbox 1595 5487 1643 5551; x_wconf 90' lang='lat' dir='ltr'><strong>sq.</strong></span> <span class='ocrx_word' id='word_1_473' title='bbox 1663 5463 1715 5528; x_wconf 90' lang='lat' dir='ltr'><strong>ed.</strong></span> <span class='ocrx_word' id='word_1_474' title='bbox 1732 5463 1841 5547; x_wconf 90' lang='lat' dir='ltr'><strong>Rom.)</strong></span> <span class='ocrx_word' id='word_1_475' title='bbox 1862 5463 1903 5528; x_wconf 84' lang='lat' dir='ltr'><strong>ad</strong></span> <span class='ocrx_word' id='word_1_476' title='bbox 1922 5464 2116 5548; x_wconf 87' lang='lat' dir='ltr'><strong>magistrum</strong></span> <span class='ocrx_word' id='word_1_477' title='bbox 2137 5481 2248 5524; x_wconf 88' lang='lat' dir='ltr'><strong>suum:</strong></span> 
     </span>
    </p>
   </div>
   <div class='ocr_carea' id='block_1_12' title="bbox 0 0 2566 6596">
    <p class='ocr_par' dir='ltr' id='par_1_12' title="bbox 0 0 2566 6596">
     <span class='ocr_line' id='line_1_41' title="bbox 0 0 2566 6596; baseline 0 0"><span class='ocrx_word' id='word_1_478' title='bbox 0 0 2566 6596; x_wconf 95' lang='lat' dir='ltr'><strong> </strong></span> 
     </span>
    </p>
   </div>
  </div>
 </body>
</html>
