5120 6604
1016 677 1395 740 ——13—

998 884 1027 950 E
1049 883 1186 950 LIBRO
1209 879 1419 948 SECVNDO

1202 1023 1221 1098 Ι

576 1163 732 1262 Iamque
759 1165 839 1238 elus
864 1163 1027 1235 mentem
1048 1158 1375 1250 fortuna-fenerat
1394 1160 1569 1260 quietem.

1173 1320 1241 1394 Π*

552 1451 786 1556 ¹Manrisque
810 1458 941 1532 susum
960 1457 1010 1532 ad
1035 1457 1208 1532 eaelum·
1224 1455 1377 1532 sustulit
1399 1456 1488 1530 suas
1509 1481 1574 1530 rex

576 1593 766 1671 Amulius:
794 1593 1007 1694 gratulatum
1020 1640 1034 1652 ·
1049 1593 1148 1669 dluis

1163 1753 1223 1828 ΙΠ
1233 1753 1252 1795 *

483 1890 639 1966 Seruius
657 1891 698 1965 in
723 1890 816 1966 Aen.
838 1892 857 1964 Ι
876 1894 950 1965 273
975 1891 1162 1967 ‘Naeuius
1187 1901 1224 1965 et
1242 1889 1389 1965 Ennius
1412 1889 1563 1964 Aeneae
1588 1914 1632 1962 ex
1656 1887 1736 1961 filie
1760 1898 1935 1988 nepotem
1960 1888 2100 1963 Romu-

315 2024 394 2100 lum
410 2026 650 2126 ¹conditorem
672 2028 778 2103 urbis
798 2026 976 2103 tradunt?

1166 2165 1249 2242 IV*

479 2301 604 2376 Varro
623 2302 670 2376 de
687 2293 731 2376 L'.
750 2303 794 2376 L.
813 2303 849 2378 V
868 2305 915 2377 43
935 2303 984 2377 Μ.
1012 2303 1316 2379 ‘Auentinum
1340 2300 1487 2401 aliquot
1513 2303 1559 2377 de
1584 2251 1709 2377 causis
1735 2299 1875 2376 dieunt.
1929 2299 2099 2374 Naeuius

316 2437 366 2510 ab
385 2437 540 2533 auibus,
559 2439 662 2538 quod
681 2466 726 2515 eo
748 2467 789 2516 se
810 2441 859 2516 ab
878 2441 1011 2516 Tiberi
1028 2440 1169 2515 ferrent
1187 2444 1301 2514 aues!

1178 2595 1240 2670 V*

481 2729 604 2804 Varro
630 2727 677 2804 de
701 2729 744 2810 L.
769 2731 813 2805 L.
838 2732 874 2807 V
899 2733 946 2806 53
968 2731 1016 2805 M.
1040 2738 1217 2830 ‘quartae
1240 2732 1409 2830 regionis
1434 2729 1680 2807 Palatium..
1703 2726 1893 2803 .eundem
1916 2725 2017 2800 hune
2044 2725 2098 2800 lo-

268 2897 271 2904 *
317 2889 401 2938 eum
421 2891 443 2939 a
467 2891 603 2967 pecore
626 2866 768 2942 dietum
790 2879 926 2968 putant
943 2867 1115 2970 quidam:
1142 2868 1269 2968 itaque
1287 2869 1455 2944 Naeuius
1473 2866 1712 2943 Baletium
1731 2863 1923 2965 adpellat’
1963 2861 2097 2937 Bala-

315 3001 431 3077 tium
462 3003 565 3079 Flor.
595 3003 720 3080 Haun.
748 3004 1015 3080 Balentium
1042 3005 1155 3079 aeteri

1178 3143 1233 3216 VI

573 3276 701 3351 Prima
721 3277 863 3351 incedit
881 3276 1031 3352 Cereris
1046 3323 1060 3334 -
1074 3279 1305 3378 Proserpina
1324 3305 1419 3379 puer

483 3499 583 3550 LIBRI
601 3501 630 3550 11
665 3500 680 3552 1
697 3499 852 3550 Priscianus
871 3499 909 3550 VI
927 3517 952 3565 p.
967 3501 1017 3552 704
1035 3502 1065 3554 P.
1086 3499 1177 3564 (1255
1194 3501 1254 3566 Kr.)
1273 3500 1435 3567 ‘inquies,
1455 3502 1532 3552 auius
1551 3507 1697 3552 extremam
1715 3499 1812 3564 corripi
1832 3499 1898 3548 diait
1910 3497 2029 3558 Probus,
2049 3498 2099 3546 in·

316 3585 448 3648 quietis
466 3585 630 3650 declinatur,
647 3585 718 3652 quod
736 3587 816 3636 trium
836 3587 937 3638 lactum
956 3594 998 3638 est
1015 3603 1155 3654 generum,
1174 3592 1205 3637 ut
1222 3603 1304 3653 supra
1321 3588 1502 3650 ostendimus,
1530 3589 1607 3640 euius
1626 3587 1707 3638 etiam
1735 3584 1853 3649 simplex.
1871 3586 1898 3634 ia
1919 3600 1969 3635 usu
1993 3585 2096 3634 inueni-

319 3675 363 3720 tur
380 3671 461 3720 trium
486 3689 621 3738 generum.
658 3674 778 3724 Naeuius
801 3673 829 3721 in
853 3673 971 3724 carmine
991 3674 1055 3724 belli
1079 3673 1175 3725 Punici
1197 3673 1238 3724 11:
1262 3675 1379 3739 iamque’
1400 3690 1422 3724 e.
1442 3691 1468 3739 q.
1487 3689 1509 3724 a.
1547 3673 1670 3740 (1130111.
1692 3671 1830 3723 Helberst.
1853 3671 1969 3722 Karalis.
1989 3671 2095 3734 Bamb.)

318 3760 576 3823 lenesmontem,
596 3759 730 3810 debellato
749 3775 808 3808 eum
826 3759 924 3811 Italiae
941 3761 1079 3826 gentibus,
1102 3761 1222 3825 quietam
1244 3761 1363 3812 suasisse
1382 3761 1450 3810 dicit
1473 3763 1555 3826 poete
1657 3760 1686 3810 11
1703 3759 1808 3810 Nonius
1826 3774 1852 3823 p.
1875 3756 2096 3824 1111301811-

316 3845 442 3910 tulari,
463 3847 567 3912 gratias
593 3862 683 3913 agere.
720 3846 823 3896 Ennius
843 3883 849 3896 .
872 3882 905 3896 ..
930 3847 1033 3898 Neuius
1050 3845 1115 3898 belli
1132 3847 1229 3898 Punici
1249 3848 1295 3899 lib.
1313 3847 1368 3898 111:
1389 3851 1548 3912 manusque'
1577 3863 1599 3898 e.
1624 3863 1651 3912 q.
1675 3862 1697 3896 s.
1803 3844 1842 3895 VI
1873 3845 2030 3895 Priscianus
2056 3843 2095 3892 VI

316 3948 343 3997 p.
371 3931 421 3982 aaa
450 3933 482 3983 Ρ.
507 3932 532 3997 (Ι
553 3932 603 3984 248
626 3932 685 4000 Kr.)
713 3937 778 3982 ‘aon
802 3937 844 3982 est
867 3936 957 3983 tamea
980 3933 1173 4000 ignorandum,
1200 3935 1272 4000 quod
1296 3935 1378 3986 etiam
1398 3933 1442 3984 hie
1466 3949 1578 4000 paetus,
1605 3933 1649 3984 hie
1672 3938 1699 3984 et
1720 3931 1788 3982 haee
1810 3946 1892 3997 puer
1917 3929 2096 3982 uetustissimi

317 4019 462 4083 protulisse
481 4021 671 4082 inueniuntur,
695 4023 722 4068 et
746 4018 850 4084 puellus
870 4017 960 4083 puella
1074 4019 1193 4070 Naeuius
1215 4021 1242 4070 ia
1261 4020 1494 4072 namurensi:
1516 4021 1618 4086 prima’
1639 4037 1661 4070 a.
1682 4035 1708 4085 q.
1729 4034 1750 4070 s.
1857 4019 1892 4068 in
1909 4017 1952 4067 vl
1971 4017 2095 4068 Nestoris

317 4107 493 4158 Nouariensis
511 4105 594 4172 gloss.
619 4105 692 4171 apud
713 4104 843 4156 Menalam
868 4121 893 4170 p.
913 4105 946 4158 53
966 4110 993 4156 et
1010 4106 1061 4157 410
1081 4111 1108 4156 et
1127 4106 1158 4156 P.
1178 4105 1328 4158 Soriuerius
1351 4109 1378 4158 in
1396 4123 1450 4173 mg.
1469 4107 1628 4172 exemplaris
1647 4107 1810 4157 Hermaani:
1836 4105 1880 4155 VI
1898 4105 1946 4156 sic
1964 4104 2097 4154 diserte

316 4208 370 4243 ms.
394 4194 499 4244 Prisc.
526 4192 676 4257 exempla

398 4452 568 4511 porpureus
584 4435 706 4507 Sangall.
724 4435 811 4522 Lugd.
836 4434 961 4490 Karoltr.
983 4451 1152 4510 purporeus
1170 4434 1308 4490 Halbersl.
1328 4451 1394 4510 par,
1416 4435 1466 4490 rel.
1490 4451 1553 4502 am„
1571 4435 1651 4501 Par„
1673 4453 1707 4492 m.
1727 4437 1772 4492 all.
1793 4436 1857 4490 arla.
1937 4433 2002 4490 Bis.
2027 4431 2096 4509 Gig.

314 4535 476 4615 magnique
498 4525 639 4594 A'tlbntes
659 4529 663 4613 l
683 4533 829 4594 Rhanoas
846 4531 1078 4612 bePurptlreus,
1100 4533 1157 4592 fnit
1178 4534 1274 4593 terras
1298 4535 1328 4592 0.
1343 4535 1504 4592 Muellerus.
1526 4537 1565 4608 cf.
1584 4538 1722 4594 Barller'us
1741 4539 1768 4592 tn
1784 4537 1854 4595 Hor.
1878 4554 1966 4594 aaran.
1991 4536 2027 4591 11
2050 4531 2096 4604 19,

317 4633 365 4696 23.
383 4637 449 4696 Bia.
466 4635 650 4713 Gtg.mtg1n
663 4635 815 4708 Atlantes,
832 4635 955 4693 Runeus
975 4632 979 4714 Ι
998 4633 1185 4714 Purpureas,
1200 4635 1371 4728 Ι1111111111
1389 4677 1507 4694 .....
1551 4640 1730 4696 Hermaunus
1815 4633 1855 4696 26
1875 4640 1989 4694 Versum
2005 4640 2097 4710 clispo-

314 4784 368 4838 sur'l
387 4781 423 4836 E.
446 4779 476 4836 S.
563 4775 639 4859 eius]
663 4743 706 4839 eis
732 4783 829 4837 Bamb.
853 4781 905 4836 Est
923 4781 1151 4853 monosyllabum,
1174 4782 1214 4853 cs.
1239 4780 1435 4838 Lacbmauuus
1462 4785 1489 4838 r'u
1517 4784 1600 4840 Lacr.
1633 4783 1652 4838 l
1677 4779 1735 4839 149
1821 4781 2096 4860 furtunalSaagall.

315 4925 439 4981 Karalir.
460 4923 610 5000 fortunam
632 4927 697 4982 Par.
721 4933 865 4998 (puuctum
888 4943 923 4980 m.
943 4926 1003 4990 all.)
1112 4875 1524 5019 ¹⁰⁰¹tl11rtunaleeeratlugd.
1610 4926 1731 5006 iamque
1751 4925 1816 4984 eius
1834 4933 1966 4984 mentem
1992 4921 1996 5002 Ι
2022 4923 2095 4992 For.

314 5043 388 5101 trina
412 5042 529 5100 fecerat
557 5043 707 5124 quietem,
730 5049 759 5100 ut
780 5044 871 5100 bruris
890 5046 924 5098 sil
945 5041 1078 5120 quietem
1100 5044 1175 5098 uaris
1191 5043 1278 5098 marlia
1297 5045 1413 5116 syllaba,
1428 5045 1608 5102 Hermanuus
1693 5039 1731 5102 27
1754 5062 1920 5122 manusque
1936 5045 2046 5102 Merula
2064 5065 2096 5118 p.

314 5139 386 5202 1120.
410 5142 496 5222 isque
519 5146 590 5200 libri.
614 5144 639 5202 is
662 5144 713 5224 qui
733 5148 833 5202 lunius
917 5144 1038 5203 sustulit
1064 5163 1118 5202 om.
1143 5146 1219 5201 Laid.
1305 5163 1361 5202 rex
1388 5145 1554 5218 Stephanus.
1586 5163 1635 5204 res
1659 5147 1721 5200 libri
1805 5142 1844 5204 28
1874 5145 2013 5204 Amulius
2038 5147 2096 5202 Sla-

308 5249 433 5321 pbaaus.
458 5243 626 5304 Ammullus
657 5249 727 5304 libri.
756 5246 902 5304 Romulus
928 5247 1084 5304 Mercerus.
1107 5243 1232 5302 Attilius
1255 5247 1379 5314 Merula,
1407 5249 1478 5304 idem
1504 5249 1537 5302 da
1562 5247 1684 5304 Mamilio
1707 5256 1733 5304 et
1758 5251 1869 5304 Amullio
1891 5253 2013 5325 rapturas

238 5364 241 5369 ·
314 5348 484 5426 gratulatur
506 5350 695 5406 Hermanaus.
716 5346 927 5424 gratulabatur
948 5350 1011 5405 liam
1095 5343 1135 5404 29
1154 5345 1277 5406 incedet
1300 5349 1421 5422 Sangall.
1445 5351 1532 5423 Ltrpd.
1617 5345 1750 5428 Cereris]
1775 5349 1884 5408 ceteris
1904 5351 1973 5412 Par.
1994 5371 2030 5407 m.
2050 5371 2097 5424 pr.

316 5450 444 5510 caeteris
467 5469 503 5506 m.
526 5454 571 5509 alt.
665 5449 777 5508 'cereris
801 5447 930 5544 grauius
957 5447 1137 5526 proserpina
1161 5447 1283 5523 samaa.
1377 5450 1576 5530 prosserpina
1598 5452 1738 5508 llalbrrsl.
1823 5471 1899 5532 puer
1921 5451 2099 5532 proserpina

316 5571 402 5646 Lupa.
487 5569 584 5650 prima
605 5567 719 5628 insedit
740 5535 861 5628 Cereris
888 5566 1073 5644 Proserpina
1100 5586 1177 5644 puer
1200 5609 1207 5624 .
1232 5610 1239 5624 .
1267 5569 1447 5626 Herarauuus
